1702 3158
217 186 301 230 256
830 164 1041 222 Eunoni

218 291 593 350 τελεβόφθαλμος.
637 292 853 343 „Locustls
883 292 935 331 de
963 292 1211 332 insectorum
1241 289 1383 339 classe,
1413 302 1583 343 quarum
1612 291 1664 333 ad

217 379 347 420 genus
376 361 600 416 ἀττέλεβος
629 362 822 410 refertur,
851 361 958 400 oculi
988 364 1081 400 sunt
1109 373 1181 413 pro
1211 361 1368 400 ratione
1398 360 1538 412 capitis
1566 361 1663 401 satis

218 436 354 488 magni
384 436 569 484 torvique
598 432 676 479 (et
706 443 872 482 magnos
903 442 995 469 esse
1024 430 1305 469 ichneumonis
1336 429 1496 478 oculos,
1538 433 1663 469 testa·

218 509 285 545 tur
313 504 460 544 Buffon
493 503 546 540 H.
577 501 627 540 N.
659 500 710 539 T.
740 499 797 539 XI
828 512 868 551 p.
900 498 1032 548 143):
1063 510 1258 550 quaenam
1290 503 1424 538 autem
1455 498 1508 537 sit
1536 497 1664 549 potis-

217 575 364 614 simum
393 570 549 622 species
579 569 840 616 locustarum,
870 580 967 618 quas
997 561 1248 618 ἀττελέβους
1280 567 1425 607 Graeci
1455 570 1662 615 vocarunt,

217 641 327 681 haud
366 640 463 680 satis
502 641 657 677 constat
694 637 801 676 inter
838 636 1044 685 eruditos,
1092 641 1138 676 ut
1174 636 1354 676 iudicare
1392 636 1507 675 nobis
1544 635 1664 675 liceat

218 721 392 762 quonam
410 707 663 760 potissimum
682 710 871 758 respectu
895 699 1310 760 ἀττελεβόφθαλμος
1337 706 1379 745 ἰη
1407 699 1487 744 hoc
1515 702 1663 757 gripho

217 777 446 830 adpelletur
475 775 761 815 ichneumon.”
791 775 1215 827 Schweighaeuserus.
1274 775 1333 814 De
1363 774 1548 825 sequenti
1575 773 1663 813 ich-

217 847 429 888 neumonis
459 851 565 893 nota,
595 842 656 895 μὴ
688 839 943 895 πρόστομος,
982 845 1271 883 dubitationem
1305 844 1427 882 movit
1457 843 1663 882 Casaubo-

215 928 315 957 nus:
355 916 629 955 acutissimum
672 914 778 953 enim
820 926 909 952 esse
938 913 1213 951 ichneumonis
1244 925 1288 952 os
1318 914 1402 951 sive
1433 913 1566 964 potius
1595 923 1663 951 ro·

218 990 361 1026 strum.
429 984 597 1035 Itaque,
636 983 867 1022 dubitanter
903 986 1063 1030 tamen,
1100 986 1169 1021 aut
1207 980 1280 1020 καὶ
1309 976 1553 1034 πρόστομος
1592 981 1664 1020 aut.

215 1049 505 1107 μικρόστομος
535 1053 774 1104 suspicatur.
820 1052 987 1090 Rectius
1002 1050 1175 1090 fortasse
1194 1051 1345 1091 scribas
1361 1045 1662 1107 πικρόστομος,

217 1123 282 1163 cll.
299 1124 542 1164 Buttmanno
560 1121 658 1161 Lex.
675 1121 692 1159 Ι
710 1135 749 1172 p.
770 1121 836 1159 17.
891 1115 1259 1172 ’Λμᾳικέφαλλος,
1289 1132 1528 1171 quamquam
1546 1118 1663 1159 dubi-

216 1195 365 1239 tanter‚
386 1191 527 1241 scripsi
543 1195 764 1241 praeeunte
780 1189 1184 1242 Schweighaeusero.
1214 1189 1324 1229 Libri
1347 1183 1662 1242 ἂμᾳικέφαλος.

214 1256 252 1303 V
281 1254 656 1313 ἆμφικναφαλλος.
725 1259 987 1299 Casaubonus
1017 1263 1085 1299 aut
1112 1252 1414 1312 ἀμφικέφαλος
1442 1259 1663 1311 penultima

215 1330 412 1383 producta
451 1334 519 1368 aut
557 1323 856 1381 τἐμφικτὲρηνος
885 1329 1143 1368 scribendum
1172 1334 1299 1381 putat.
1362 1325 1662 1381 Τετρακὲφαλ-

171 1426 177 1432 -
215 1397 289 1445 λος
325 1399 450 1438 habes
494 1399 534 1437 in
574 1404 713 1438 vetere
753 1386 1041 1450 epigrammate
1076 1398 1184 1449 apud
1212 1398 1472 1438 Eustathium
1502 1398 1552 1437 ad
1583 1398 1661 1437 Od.

215 1482 256 1520 p.
274 1466 382 1506 1353
411 1466 452 1506 5.
511 1467 584 1507 Cfr
614 1481 704 1507 mea
724 1469 771 1506 ad
788 1467 1002 1506 Menandri
1031 1467 1176 1519 fragm.
1198 1481 1237 1519 p.
1258 1468 1303 1505 11
1338 1472 1378 1507 et
1408 1467 1660 1507 Dindorfium

215 1538 268 1578 ad
297 1537 420 1578 Arist.
459 1538 564 1587 Equ.
595 1537 690 1575 418.
760 1536 972 1587 Bicipitem
1008 1540 1141 1574 autem
1178 1536 1490 1576 ichneumonem
1527 1540 1658 1586 vocat,

216 1606 326 1659 quod
355 1606 483 1645 cauda
513 1606 601 1644 eius
631 1604 808 1657 speciem
839 1606 1013 1656 aliquam
1044 1606 1186 1656 capitis
1217 1619 1314 1657 prae
1343 1619 1387 1645 se
1417 1606 1511 1646 fert.
1554 1606 1660 1647 Vide

140 1715 145 1719 ,
214 1674 422 1715 laudatum
452 1687 474 1714 a
504 1675 745 1715 casaubono
775 1674 946 1727 Oppian.
979 1676 1132 1726 Cyneg.
1164 1675 1222 1714 111
1249 1689 1287 1727 p.
1318 1675 1399 1714 436
1428 1688 1487 1727 sq.
1547 1678 1661 1727 Quae

214 1748 309 1797 post
336 1757 393 1784 vs.
425 1745 474 1782 11
517 1748 742 1795 sequuntur
774 1745 912 1793 verba,
942 1745 982 1783 in
1017 1745 1048 1784 C
1078 1745 1134 1783 ita
1163 1744 1312 1795 scripta
1341 1749 1435 1784 sunt
1463 1740 1582 1783 ἔστιν
1610 1741 1657 1782 δ’

216 1807 426 1865 ἰχνεύμων
455 1807 708 1863 Αἰγύπτιος.
738 1824 790 1843 -’-
820 1815 890 1853 Ys.
921 1814 974 1852 13
1003 1815 1038 1853 A
1057 1810 1282 1864 λαμβάνω.
1313 1839 1367 1846 ψ
1396 1815 1466 1855 νε.
1489 1814 1541 1853 14
1571 1812 1659 1863 θη·
1700 1818 1702 1821 ’

213 1879 427 1936 ριοῧσθαι
457 1883 505 1922 ad
523 1883 730 1934 perfectae
759 1883 920 1922 belluae
950 1886 1125 1922 aetatem
1156 1886 1196 1921 et
1219 1883 1534 1935 magnitudinem
1563 1897 1658 1936 pet·-
1696 1905 1700 1911 ·

213 1953 352 1993 venire
381 1956 493 1991 recte
531 1953 821 2004 interpretatur
850 1952 1273 2003 Schweighaeuserus.
1340 1953 1498 1993 Eodem
1537 1954 1658 1994 modo

211 2022 399 2061 homines
421 2022 609 2061 dicuntur
625 2016 915 2073 ἀνδροῦσθαι.
948 2022 1048 2061 ibid.
1064 2018 1292 2071 καταγνύει
1318 2035 1390 2074 pro
1421 2017 1658 2072 κατάγνυσι
1698 2057 1702 2060 .

210 2091 417 2131 Porsonus
435 2091 485 2129 ad
502 2092 643 2142 Eurip.
661 2092 773 2130 Med.
792 2091 887 2131 743.
919 2116 971 2121 —
1001 2091 1071 2132 Vs.
1089 2091 1142 2129 15
1170 2092 1263 2130 libri
1278 2088 1338 2149 κδὲ
1365 2085 1658 2143 ἀμφίστομος.

211 2161 399 2200 Correxit
429 2161 593 2200 Grotius
625 2161 839 2213 Exeerptis
868 2174 906 2212 p.
938 2158 1032 2199 655.
1078 2184 1133 2191 —-
1176 2162 1246 2203 Vs.
1277 2162 1330 2200 16
1361 2156 1505 2200 δάκνει
1534 2162 1656 2203 cVL.

207 2223 379 2268 δάκνων
407 2230 526 2270 ΑΒΡ.
584 2254 637 2260 —-
695 2230 765 2271 Vs.
796 2230 849 2268 18
886 2242 959 2281 pro
989 2223 1160 2282 κούφως
1191 2232 1223 2270 C
1252 2227 1430 2283 κοῦᾳον.
1489 2231 1655 2271 Grotius

203 2295 380 2351 κοῦφος.
438 2299 540 2338 [bid.
570 2295 651 2349 γῆν
679 2293 878 2352 ἀφανίζει
909 2299 1112 2339 Iacobsius
1141 2295 1432 2352 interpretatur
1457 2300 1654 2340 deciduus
1695 2320 1697 2323 ⁴

205 2372 363 2408 terram
409 2368 588 2407 obducit.
668 2368 837 2407 Rectius
880 2369 1102 2408 transferas
1146 2360 1380 2422 teriamque
1424 2368 1652 2417 abscondit,

202 2436 245 2477 h.
275 2450 313 2477 e.
343 2438 384 2478 in
414 2438 539 2476 altum
570 2437 771 2485 evehitur,
801 2442 847 2497 ut
875 2442 1010 2477 terrae
1039 2439 1254 2490 adspectus
1284 2440 1361 2490 ipsi
1382 2438 1652 2494 subducatur.

201 2505 354 2546 Notum
401 2512 464 2546 est
513 2506 614 2545 illud
662 2505 820 2557 Virgilii
864 2508 973 2546 Aen-
1009 2508 1065 2546 111
1117 2509 1223 2547 291:
1263 2512 1465 2559 protenus
1509 2508 1672 2546 aerias·

199 2573 436 2615 Phaeacum
476 2576 763 2615 abscondimus
803 2589 932 2615 arceS.
1001 2578 1077 2616 Cui
1107 2577 1236 2616 simile
1266 2580 1328 2615 est
1358 2576 1466 2627 quod
1494 2575 1652 2616 Seneca
1695 2622 1697 2624 q

197 2643 333 2695 Epist.
364 2645 475 2683 LXX
505 2658 544 2696 p.
566 2645 644 2684 184
675 2645 773 2683 dixit
797 2646 1026 2696 pueritiam
1056 2649 1098 2683 et
1126 2644 1450 2685 ‘adolescentiam
1480 2646 1650 2685 abscon·
1666 2667 1686 2687 2.

197 2712 295 2752 dere
336 2699 491 2767 desiis,
531 2714 599 2763 qui
635 2713 754 2765 pueri
791 2719 833 2754 et
873 2714 1152 2756 adolescentes
1191 2728 1280 2756 esse
1316 2715 1519 2756 desinunt.
1589 2716 1697 2756 Ao.-
