1702 3158
366 121 701 171 οιΝοΠιΩΝ.
762 99 1158 167 ΠΑΝΔΡΟΣΟΣ.
1411 123 1514 165 -285

515 267 1050 315 ΟΙΝΟΠΙΩΝ.

148 377 310 424 Sumus,
348 368 621 428 Ἀμφίαςε
654 372 828 427 μέτριος
857 359 989 420 οἶνος.
1046 364 1349 424 Νικόστρατος
1384 362 1513 408 Οἰνο-

37 446 150 504 ποιῷ
180 449 281 498 (sic)
311 443 385 490 καὶ
414 441 710 499 Σωσικράτης.
771 445 921 484 Cetera
950 442 1115 483 fabulae
1157 441 1388 494 fragmenta
1419 440 1512 481 vide

36 521 79 561 in
110 516 336 562 Philetaeri
370 516 628 570 Oenopione.

472 653 1125 701 ΠΑΝΔΡΟΣΟΣ.“

755 771 787 811 1.

252 851 439 896 ''En-nra
469 852 547 906 τῆς
577 849 715 903 αὐτῆς
744 848 853 892 ὁδοῦ
882 849 990 908 πρὸς
1016 845 1243 906 Ἀερόπην

259 938 463 981 ἐλθοῦσα
495 938 674 994 πέμψαι
703 932 931 992 στρώματ’
966 931 1108 985 αὐτὴν
1138 931 1296 976 αὐτίκα

259 1023 399 1066 κέλευε
428 1026 504 1066 καὶ
533 1019 638 1079 παρ’
664 1019 864 1076 ”.Ωκιμον
887 1016 1175 1076 χαλκώματα.

151 1126 389 1167 Athenaeus
422 1128 524 1168 XIII
570 1142 611 1181 p.
641 1126 725 1166 587
752 1127 791 1167 d.
836 1126 888 1165 de
933 1126 1102 1174 Ocimo‚
1145 1123 1294 1165 famosi
1335 1128 1514 1169 nominis

42 1200 202 1246 scorto,
232 1197 463 1238 disserens:
500 1193 802 1250 Νικόστρατος
845 1193 891 1234 δὲ
934 1191 957 1234 ὁ
995 1194 1071 1244 τῆς
1108 1195 1245 1248 μέσης
1282 1195 1515 1252 κωμῳδίας

41 1264 225 1316 ποιητὴς
266 1265 313 1305 ἐν
346 1264 604 1323 ,Πανδρόσῳ
645 1263 806 1307 οὑτωσὶ
844 1264 979 1318 λέγων
1008 1261 1196 1304 ’Έπειτα
1234 1265 1326 1308 κτλ.
1385 1271 1456 1313 Vs.
1488 1275 1511 1314 1

38 1331 264 1390 ’Ἀερόπην
304 1337 434 1389 prima
479 1347 670 1390 correpta
714 1343 851 1377 tuetur
890 1336 1191 1389 quodammodo
1231 1338 1512 1391 Sophocleum

40 1407 144 1448 illud
184 1400 405 1461 ἰσόμοιρος
444 1403 527 1462 α’ἡρ
569 1409 724 1449 Electr.
764 1409 844 1457 87,
882 1409 952 1448 ubi
990 1407 1084 1446 vide
1121 1405 1514 1452 Hermannum.'-

39 1479 113 1522 Vm
141 1479 168 1519 2
198 1482 239 1518 et
269 1479 296 1517 3
334 1479 427 1518 libri
471 1473 611 1528 αὐτὴν
648 1472 790 1518 κέλευ’
824 1473 909 1532 ἔφη
939 1472 1026 1518 καί.
1092 1478 1340 1520 Emendavit
1370 1483 1512 1524 Iacob-

44 1550 143 1590 nius.
203 1549 280 1588 His
311 1549 475 1601 scriptis
504 1551 625 1590 video
657 1550 889 1590 Dobraeum
920 1549 1093 1590 Advers.
1124 1549 1164 1588 11
1193 1562 1235 1602 p.
1266 1551 1350 1592 345
1380 1558 1512 1596 totum

45 1620 326 1674 fragmentum
355 1618 533 1660 fortasse
562 1621 715 1660 rectius
745 1621 802 1659 ita
831 1619 1119 1659 constituisse:

588 1685 778 1728 Ἔπειτα
808 1686 885 1737 τῆς
913 1683 1046 1736 αὐτῆς
1075 1682 1185 1726 ὁδοῦ

208 1755 315 1812 πρὸς
340 1754 567 1813 Ἀερόπην
595 1757 797 1799 ἐλθοῦσα
821 1758 999 1811 πέμψαι
1027 1752 1268 1812 στρώματα

207 1824 348 1878 αὐτὴν
377 1829 531 1880 κέλευε,
561 1828 687 1885 φησί,
717 1829 791 1870 καὶ
822 1823 929 1883 παρ’
954 1824 1155 1880 ’Ώκιμον

203 1895 487 1954 χαλκώματα.

752 1972 806 2012 11.

805 2048 957 2108 Κάγώ,
991 2040 1201 2108 φιλτάτη,

213 2125 525 2193 μετανιπτρίδ’
558 2135 678 2195 αὐτῷ
707 2137 784 2188 τῆς
815 2134 978 2192 ὑγιείας
1009 2137 1169 2194 ἔγχεον.

173 2219 261 2264 Β.
294 2223 403 2276 λαβὲ
432 2223 509 2274 τῆς
539 2220 704 2277 ὑγιείας
734 2221 787 2273 δη
820 2221 890 2265 σύ.
937 2223 1053 2279 φέρε,
1085 2219 1338 2283 τύχάγαθῇ.

212 2303 317 2361 τύχη
347 2307 402 2348 τὰ
430 2307 615 2359 θνητῶν
643 2302 903 2362 πραγμαθ’,
930 2304 957 2358 ἡ
987 2304 1176 2363 πρόνοια
1206 2307 1253 2349 δέ

211 2389 378 2445 τυφλόν
407 2407 450 2433 τι
478 2389 778 2434 κάσύντακτόν
806 2392 942 2445 ἐστιν,
969 2382 1002 2433 ὦ
1035 2389 1183 2448 πάτερ.

156 2493 390 2536 Athenaeus
420 2496 496 2537 XV
526 2510 568 2549 p.
597 2496 735 2535 693a.
768 2495 821 2535 de
865 2490 1032 2547 ὑγιείας
1071 2491 1265 2552 ποτηρίῳ
1303 2496 1346 2536 in
1378 2498 1511 2550 epulis

55 2561 167 2611 posci
198 2564 317 2604 solito
357 2566 603 2609 disserens.
626 2563 932 2619 Νικόστρατος
962 2562 1215 2622 Πανδρόσῳ
1255 2561 1387 2618 1<de
1420 2566 1511 2610 κτλ.

56 2627 129 2669 Vn.
157 2630 182 2670 1
216 2632 434 2687 legendum
473 2637 636 2677 videtur
675 2631 747 2687 ἄγ’
778 2632 809 2675 ὠ
844 2631 1050 2690 φιλτάτη.
1109 2638 1317 2678 Iocobsius
1345 2634 1448 2676 κάτ’
1475 2627 1509 2677 ὦ

56 2694 257 2752 φιλτάτη·
291 2729 345 2739 —
380 2707 452 2750 Vs.
482 2708 509 2748 2
538 2708 662 2762 vulgo
691 2703 1014 2763 μετανιπτρίδα
1044 2702 1088 2747 δ’
1120 2705 1250 2765 αύτῳ.
1309 2710 1346 2750 A
1371 2721 1510 2762 μετα-
