1702 3158
541 585 975 647 GRATINUS
1015 576 1339 647 IUNIOR.

719 690 847 740 (nist.
879 690 968 733 crit.
998 703 1039 742 p.
1063 690 1186 740 411)

635 909 1150 954 ΓιΓΑΝΤΕΣ.
1209 913 1251 963 *)

940 1022 973 1062 1.

737 1103 1045 1161 Ἓνθυμεῖσθε
1072 1106 1147 1158 τῆς
1177 1105 1254 1160 γῆς
1281 1103 1339 1155 ὥς
1367 1105 1497 1161 γλυκύ

439 1185 535 1240 ὄζει,
564 1185 727 1237 καπνός
755 1186 796 1230 τ’
829 1188 1009 1245 ἐξέρχετ’
1042 1187 1344 1245 εὐωδέστεροςς

437 1267 548 1314 οἰκεῖ
570 1286 633 1321 τις
660 1269 718 1322 ὥς
747 1270 882 1316 ἔοικεν
911 1274 957 1315 ἐν
986 1273 1045 1331 τῷ
1068 1270 1264 1329 χάσματι
1297 1264 1299 1266 ,

439 1354 803 1409 λιβανωτοπώλης
832 1352 861 1407 ἢ
889 1354 1091 1414 μάγειρος
1120 1352 1352 1405 Σικελικός.

438 1437 775 1494 [παραπλησίαν
804 1436 950 1496 ὀσμὴν
977 1441 1109 1495 λέγεις
1139 1439 1306 1496 ἀμφοῖν
1335 1434 1522 1493 γλυκύς.]

329 1529 566 1572 Athenaeus
595 1531 671 1573 XV
698 1545 739 1584 p.
762 1533 839 1571 661
862 1546 904 1572 e.
935 1527 1179 1584 ἐκσεμνύνει
1209 1529 1254 1571 δὲ
1283 1527 1362 1581 τὴν
1390 1527 1541 1581 τέχνην
1570 1522 1670 1578 (τὴν

219 1595 491 1653 μαγειρικὴν)
524 1599 597 1640 καὶ
628 1596 651 1639 ὁ
683 1596 884 1655 νεώτερος
912 1599 1127 1654 Κρατῖνος
1157 1601 1202 1641 ἐν
1231 1600 1320 1648 τοῖς
1351 1596 1510 1650 Γίγασι
1537 1595 1671 1648 λέγων

215 1662 527 1721 Ἐνθυμεῖσθε
555 1683 632 1719 της
662 1667 738 1721 γῆς
766 1669 855 1711 κτλ.
912 1672 982 1713 Vs.
1014 1673 1032 1710 l
1067 1672 1160 1711 libri
1190 1666 1374 1724 ἐνθύμει
1403 1668 1667 1710 δέ.1)ἰῃᾱοι’“-

218 1739 298 1779 fius
337 1739 569 1780 dubitanter
607 1737 806 1791 ἐνθυμοῦ
836 1737 894 1780 δέ.
961 1740 1114 1792 Scripsi
1154 1738 1426 1792 ἐνθυμεῖσθε
1468 1743 1508 1778 et
1547 1739 1669 1777 verba

219 1820 295 1860 per
332 1809 692 1862 interrogationem
729 1810 865 1848 extuli.
932 1810 1034 1849 lbid.
1064 1812 1170 1849 inter
1200 1807 1275 1860 γῆς
1305 1814 1346 1848 et
1374 1803 1430 1855 ὥς
1458 1810 1489 1847 Β
1529 1807 1669 1847 inserit

220 1872 347 1928 φασί.
397 1901 452 1909 ——-
490 1879 560 1918 Vs.
591 1879 617 1916 2
646 1882 760 1917 recte
791 1881 887 1928 puto
917 1879 1116 1930 Bergkius
1147 1880 1302 1918 Comm.
1333 1892 1371 1929 p.
1403 1879 1484 1918 277
1514 1872 1669 1915 εὐωδέ-

221 1956 393 1991 στατος.
464 1948 519 1987 At
559 1947 669 1986 idem
706 1959 787 1986 non
826 1951 938 1987 recte
968 1948 1079 1987 addit
1106 1948 1218 1999 loqui
1248 1951 1409 1999 poetam
1439 1946 1489 1984 de
1518 1946 1669 1997 Gigan-

220 2020 308 2055 tum
346 2015 562 2065 felicitate,
600 2017 746 2067 quibus
787 2020 829 2055 et
866 2021 976 2056 terra
1016 2022 1056 2056 et
1094 2017 1231 2056 fumus
1270 2016 1505 2055 suavissime
1547 2014 1667 2052 oleat.

220 2085 284 2124 Ex
319 2089 466 2136 poetae
502 2086 638 2125 verbis
678 2085 779 2125 nihii
817 2085 929 2125 aliud
967 2085 1122 2126 efficias
1159 2085 1235 2124 nisi
1275 2089 1408 2124 terrae
1444 2084 1598 2122 hiatum
1627 2082 1670 2121 in

222 2166 343 2194 scena
370 2153 499 2194 fuisse
531 2159 809 2207 conspectum,
839 2169 886 2195 ex
917 2167 996 2206 quo
1028 2155 1307 2195 suavissimum
1342 2154 1508 2193 odorem
1539 2151 1669 2190 efflari

223 2222 332 2263 dicit.
392 2248 445 2255 -—
504 2224 574 2264 Vs.
603 2224 630 2262 5
667 2220 819 2274 γλυκὺς
858 2238 880 2263 a
918 2226 950 2264 C
990 2225 1182 2264 omissum
1222 2224 1454 2263 Dindorfius
1491 2220 1668 2261 inclusit.

221 2291 433 2332 Dobraeus
462 2293 564 2333 Adv.
595 2293 633 2332 11
664 2308 702 2345 p.
734 2293 813 2332 351
845 2292 1117 2345 fragmentum
1148 2296 1290 2344 quarto
1320 2303 1437 2330 versu
1468 2291 1669 2338 terminat,

224 2364 361 2400 cetera
377 2361 589 2402 Athenaeo
610 2363 813 2402 tribuens:
846 2357 1157 2413 παραπλησίαν
1178 2357 1318 2413 ὀσμὴν
1346 2358 1454 2411 λέγει
1484 2355 1528 2409 (ὁ
1550 2357 1670 2411 Κρα-

224 2428 339 2475 τῖνος
367 2431 484 2481 scil.)
514 2426 694 2482 ἀμφοῖν.
734 2431 809 2470 καὶ
849 2426 872 2469 ὁ
903 2427 1055 2482 γλυκὺς
1090 2424 1363 2482 Ἀντιφάνης
1392 2455 1469 2468 -.
1535 2429 1669 2468 Huius

225 2499 333 2538 enim
363 2500 545 2551 proxime
574 2501 757 2551 sequitur
786 2501 900 2540 locus
930 2515 953 2541 e
984 2500 1201 2541 Philotide.
1276 2500 1385 2541 Vera
1414 2498 1517 2538 haec
1547 2501 1667 2550 puto3

225 2567 362 2618 itaque
392 2573 521 2609 totum
552 2582 715 2610 versum
744 2571 902 2611 inclusi.

319 2706 350 2750 ⁸)
374 2707 416 2742 V.
441 2708 531 2743 Hist.
556 2710 631 2744 erit.
655 2723 689 2755 p.
713 2712 793 2747 411.
