1702 3158
237 191 318 231 14⁰
775 186 1116 228 ANTIPHANIS

235 301 503 342 mamentum!
560 300 630 341 Vs.
648 300 670 337 l
702 301 794 350 post
822 293 924 350 οἴνῳ
956 296 1174 336 Elmsleius
1203 295 1254 335 ad
1285 296 1491 350 Ari-toph.
1510 300 1683 342 Acbarn.

236 372 318 411 717
346 370 488 410 inserit
519 366 564 406 δὲ
595 366 671 407 δεῖ.
737 392 790 397 -——
850 366 920 406 Vs.
952 366 978 403 3
1007 361 1126 418 κόπῳ
1157 359 1304 415 κόπον,
1334 367 1443 417 quod
1472 367 1565 407 libri
1593 374 1683 421 post

236 433 475 488 ἐξελαύνειν
504 438 680 484 habent,
713 435 793 473 huc
822 435 987 494 retraxit
1018 435 1250 493 Elmsleius.
1309 437 1416 475 Ante
1446 432 1581 491 ψόφῳ
1613 439 1682 479 VL

235 510 384 548 habent
422 503 507 545 καί.
574 504 813 545 Triobolum
855 503 1068 554 prostibuli
1107 505 1280 555 pretium
1318 504 1515 544 babemus
1561 507 1681 546 etiam

234 578 343 630 apud
383 577 593 615 Platonem
624 575 785 625 Fragm.
826 572 1001 611 Phaonis
1033 572 1069 611 11
1102 573 1167 621 17,
1212 575 1445 625 Epicratem
1475 575 1598 615 Αῃιίι,
1628 577 1682 615 22

234 651 276 686 et
305 646 549 687 Machonem
581 642 780 682 Athenaei
813 640 907 680 ΧΙΙΙ
937 654 976 691 p.
1006 640 1089 679 580
1106 642 1144 681 d.
1181 667 1232 673 —-
1262 643 1329 683 Vs.
1359 643 1386 682 4
1425 636 1683 682 αὐθάδειαν

234 711 565 767 αἰθαδεὶςενΙι.
623 711 896 751 Callistratum
928 709 1025 748 dicit
1055 711 1351 762 Aphidnaeum,
1382 718 1583 752 oratorem
1613 726 1680 752 ce-

230 784 506 830 leberrimum,
552 782 604 820 de
644 781 759 820 cuius
805 780 962 818 luxuria
1006 780 1095 818 vide
1138 780 1189 819 ad
1233 781 1382 819 Eubuli
1430 782 1591 833 Antiop.
1624 783 1675 821 ΙΙ.

230 853 347 905 Quod
378 864 507 903 coquo
540 864 631 890 eum
674 854 879 900 comparat
910 849 1181 900 Antiphanes,
1220 850 1269 888 ad
1305 851 1565 902 gulositatem
1606 851 1678 891 viri

229 926 397 974 spectat.
454 945 507 951 -—
567 920 635 960 Vs.
665 919 691 958 5
731 919 823 957 libri
862 912 1006 970 μάχην
1041 912 1171 973 μάχῃ.
1230 919 1415 959 Correxit
1445 919 1676 960 Elmsleiug,

233 991 345 1030 Idem
375 1002 433 1029 vs.
462 989 488 1027 6
518 984 642 1036 δίκην
671 983 779 1042 δίκῃ.

666 1175 957 1230 Μεταλλάξαι
987 1174 1177 1231 διάφορα
1207 1172 1419 1230 βρώματα

449 1260 557 1303 ἔσθ’
586 1259 682 1314 ἡδύ,
710 1262 783 1302 καὶ
813 1260 898 1302 τῶν
927 1258 1131 1308 πολλάκις
1162 1259 1471 1314 θρυλουμένων

448 1342 682 1399 διάμεστον
710 1342 817 1386 ὄντα
847 1343 896 1385 τὸ
926 1340 1301 1400 παραγεύσασθαί
1331 1358 1446 1393 τινος

450 1428 614 1479 καινοῦ,
645 1430 826 1485 παρέσχε
856 1425 1095 1468 διπλασίαν
1123 1425 1203 1477 τὴν
1232 1423 1406 1477 ἡδονήν.

339 1542 575 1583 Athenaeus
617 1540 654 1580 11
694 1554 732 1592 p.
762 1539 816 1578 45
833 1553 876 1579 a:
919 1533 1182 1590 μεταλλάξαι
1227 1535 1436 1593 βρώματα
1478 1536 1671 1594 διάφορα

228 1606 334 1651 ἔσθ’
369 1607 451 1659 ὴδὺ
487 1608 654 1663 (φησὶ-ν
679 1604 981 1662 Ἀντιφάνης)
1020 1609 1093 1647 καὶ
1132 1606 1216 1647 τῶν
1250 1608 1339 1649 κτλ.
1412 1611 1482 1650 Vs.
1513 1611 1535 1649 1
1581 1612 1671 1651 libri

230 1677 440 1735 βρώματα
473 1675 678 1735 διάφορα.
737 1678 1007 1730 'l‘ransposuit
1039 1679 1314 1728 casaubonus,
1345 1679 1412 1730 qui
1441 1680 1554 1720 initio
1583 1677 1702 1720 vers

227 1765 296 1792 sus
325 1751 437 1792 addit
468 1746 515 1787 τὸ
544 1743 639 1801 γάρ.
669 1772 724 1783 -
766 1750 835 1789 vs.
863 1751 889 1789 2
919 1754 1011 1791 ante
1045 1749 1293 1790 Dindorfium
1324 1747 1672 1801 θρυλλουμένων.

226 1847 282 1854 --
318 1821 389 1861 Vs.
419 1820 445 1858 4
483 1820 538 1857 ita
568 1819 688 1870 vulgo
719 1819 882 1869 legitur,
912 1815 1083 1855 καινοῦ·
1115 1815 1352 1855 διπλασίαν
1381 1817 1564 1872 παρέσχε
1593 1817 1672 1869 τὴν

224 1883 400 1940 ἡδονήν.
469 1887 675 1927 Porsonus
715 1889 815 1926 Adv.
854 1901 892 1938 p.
926 1888 1028 1926 1062
1071 1884 1309 1925 διπλασίαν
1344 1883 1425 1939 γὰρ
1461 1887 1697 1942 παρέσχεν-

224 1953 400 2009 ἡδονήν,
438 1957 546 2008 quod
584 1961 779 2008 sequutus
819 1961 881 1997 est
916 1957 1162 1997 Dindorflus.
1227 1957 1320 2009 Ipse
1357 1958 1531 2010 praetuli
1561 1960 1670 2012 quod

226 2029 354 2071 edidit
382 2026 810 2078 Schweighaeuserus,

912 2137 1001 2178 XV.

435 2221 598 2264 ”Αλλοι
626 2222 671 2263 δὲ
700 2224 774 2264 καὶ
804 2221 856 2273 δὴ
889 2220 1071 2277 βακχίου
1098 2222 1383 2277 παλαιγενοῦς

446 2304 572 2364 ἀφρῷ
601 2307 818 2348 σκιασθὲν
840 2304 1185 2361 χρυσοκόλλητον
1214 2307 1347 2359 δέπας

444 2387 617 2445 μεστόν,
647 2387 783 2446 κύκλῳ
806 2389 998 2445 χορεῦον,
1030 2390 1199 2433 ἕλκουσι
1227 2387 1415 2444 γνάθοις

444 2471 585 2522 ὁλκοῖς
613 2470 864 2525 ἀπαίστοις,
894 2474 1112 2523 παντελῶς
1139 2474 1434 2531 ἐστραμμένον

443 2554 559 2597 τᾶνω
588 2553 702 2597 κάτω
732 2555 980 2606 δεικνύντες.
1286 2542 1292 2548 ’

337 2656 572 2698 Athenaeus
601 2660 658 2700 XI
689 2675 728 2714 p.
759 2661 902 2701 781d2
946 2656 1201 2711 Μένανδρος
1239 2655 1284 2696 δέ
1324 2652 1408 2697 πού
1445 2670 1553 2710 φησι
1592 2656 1664 2696 καὶ

229 2721 436 2780 ποτήριον
465 2728 692 2785 τορνευτὸν
720 2729 794 2770 καὶ
823 2723 1014 2783 τορευτά.
1041 2722 1311 2781 Ἀντιφάνης
1331 2723 1490 2766 ’Ἄλλοι
1507 2725 1553 2766 δέ
1575 2724 1662 2766 κτλ.
