1702 3158
664 130 708 172 K
717 127 894 174 ΥΔΩΝ.
1437 133 1517 174 881

46 251 181 290 crates
209 260 331 298 vero,
371 247 528 289 Galeno
558 250 666 287 teste
695 246 804 300 apud
834 247 959 287 Foes.
990 245 1092 287 Oen.
1124 244 1252 300 Hipp.
1284 245 1383 296 846,
1422 241 1521 286 κόκ-

47 331 126 360 κον
155 319 363 373 sigillatim
402 324 443 359 et
479 312 582 358 κατ’
611 313 766 370 ἐξοχὴν
802 331 982 372 granum
1021 317 1208 357 cnidium
1246 317 1368 367 dixit,
1409 318 1519 371 quod

47 396 112 432 est
149 391 348 443 quaedam
387 389 500 430 velut
536 389 691 442 piperis
728 390 901 442 species.
970 388 1192 429 Salmasius
1230 389 1379 429 Exere.
1412 389 1518 429 Plin.

47 475 89 516 p.
120 462 204 502 925
240 463 273 502 Β
316 461 435 501 fabae
471 461 748 514 Aegyptiacae
791 460 984 500 nucleum
1021 453 1176 498 κόκκον
1210 459 1340 500 fuisse
1381 460 1518 501 existi-

0 522 2 532 ’
47 532 214 573 mavit?
251 531 684 585 Schweighaeuserus.
741 530 851 571 Mihi
881 530 1015 583 ipsum
1041 530 1143 570 illud
1173 525 1336 577 κνίδιος
1364 531 1405 570 in
1433 531 1520 570 fine

47 614 192 643 versus
221 602 455 643 addendum
484 603 660 643 videtur.
718 601 908 642 Eubulus
937 602 1103 654 Fragm.
1132 601 1214 642 inc.
1244 601 1387 643 XVb:
1416 595 1519 640 κόκ-

46 684 125 711 κον
159 669 362 723 λαβοῦσα
404 668 573 713 κνίδιον
601 665 630 722 ἢ
659 669 742 711 τοῦ
768 668 1011 725 πεπέριδος.
1068 690 1123 697 —
1183 673 1254 714 Vs.
1285 674 1312 712 2
1351 673 1519 713 lacunas

42 742 220 782 indicavi
249 747 372 795 prout
399 743 502 783 fecit
531 743 782 784 Dindorfius.
838 744 1034 784 Fortasse
1063 743 1339 796 supplendum
1370 739 1520 798 ἀχράς,

41 804 217 864 βολβός,
246 825 350 864 quae
380 814 529 866 passim
560 814 879 866 coniunguntur.
917 838 973 847 —-
1012 814 1083 855 Vs.
1114 815 1142 852 3
1169 826 1246 866 pro
1275 810 1404 868 τυρὸς
1432 816 1518 855 Eu-

42 883 217 924 fltathius
254 880 391 937 πυρός
426 898 467 938 p.
498 885 582 925 948
610 885 689 924 38:
725 878 957 938 ’Ἔφιππος
994 883 1273 937 συναριθμεῖ
1304 883 1380 923 καὶ
1414 880 1518 938 χόν-

42 951 172 1009 δρον,
202 949 363 1008 πυρόν,
403 952 501 1007 μέλι
533 950 789 1007 σησαμίδας
818 952 894 995 καὶ
922 951 1212 1007 κανναβίδας.
1271 979 1326 988 —-
1383 956 1458 998 Vs.
1487 958 1516 997 4

40 1021 297 1079 σησαμίδες.
352 1026 507 1068 Athen.
537 1040 579 1079 p.
608 1026 692 1067 646
707 1025 748 1066 f:
787 1022 1034 1078 σησαμίδες
1055 1023 1100 1065 ἐκ
1129 1023 1303 1079 μέλιτος
1331 1025 1406 1066 καὶ
1437 1039 1517 1078 ση-

43 1091 199 1149 σάμων
241 1094 559 1150 πεφρυγμένων
602 1095 677 1136 καὶ
720 1091 870 1136 ἐλαίου
909 1095 1175 1150 σφαιροειδῆ
1211 1095 1422 1150 πέμματα
1459 1122 1516 1131 --

42 1161 304 1220 μνημονεύει
333 1161 480 1206 αὐτῶν
508 1166 583 1207 καὶ
604 1163 834 1222 ’Έςιιππος
862 1164 908 1206 ἐν
941 1162 1134 1210 Κύδωνι.
1182 1169 1443 1210 Perobscura
1473 1175 1516 1210 et

41 1237 221 1279 fortasse
255 1243 449 1292 corrupta
486 1243 582 1280 su‘nt
621 1251 726 1292 quae
764 1242 994 1292 sequuntur
1031 1240 1159 1280 verba
1188 1234 1350 1294 βράχος
1379 1238 1516 1295 βρυγ-

38 1303 136 1362 μός,
166 1320 340 1361 quorum
369 1309 473 1350 illud
502 1311 620 1351 abest
649 1323 673 1351 a
701 1311 750 1351 C.
819 1311 970 1351 Parum
1000 1311 1270 1364 probabiliter
1298 1312 1514 1355 Daleeam-

37 1379 131 1433 pius
169 1379 362 1429 bellaria,
401 1392 507 1432 quae
546 1381 655 1421 inter
686 1381 832 1422 dentes
861 1382 1039 1422 strident
1070 1387 1111 1423 et
1141 1383 1339 1436 strepitus
1370 1385 1514 1436 edunt,

37 1450 309 1503 intelligebat.
351 1450 396 1492 Si
426 1463 571 1492 sanum
602 1456 666 1493 est
696 1447 904 1506 βρυγμός,
934 1453 985 1494 ad
1017 1454 1189 1494 eandem
1219 1467 1405 1497 normam
1435 1470 1512 1509 pro

39 1516 199 1576 βράχος
229 1521 492 1563 scribendum
522 1522 651 1564 fuerit
680 1518 892 1578 βραγμός,
924 1524 1035 1577 quod
1065 1539 1089 1566 a
1118 1521 1281 1580 ,θράξαι
1309 1526 1514 1568 formatur

39 1597 87 1633 ut
117 1589 311 1646 βρυγμὸς
340 1606 364 1633 a
393 1590 565 1647 βρῦξαι.
615 1594 705 1635 Nee
731 1595 861 1648 magis
892 1595 945 1635 de
972 1593 1109 1648 μνοῧς
1137 1598 1281 1650 liquet.
1312 1624 1368 1631 —
1397 1599 1514 1640 Van

37 1660 302 1714 κανναβίδες
339 1669 435 1705 sunt
473 1665 667 1706 cannabis
698 1678 856 1707 semen.
926 1666 1115 1708 Laudant
1153 1669 1333 1709 Plinium
1371 1670 1428 1710 H.
1458 1671 1511 1711 N.

36 1734 137 1776 xlx
158 1735 198 1784 9,
230 1736 297 1776 66.
327 1749 467 1776 semen
496 1738 587 1776 eius
616 1737 664 1775 in
692 1735 827 1777 Italia
857 1737 972 1777 cibus
1004 1743 1091 1779 est.-
1119 1739 1318 1780 conditur
1345 1742 1511 1794 quim'e,

33 1805 240 1859 duratque
268 1807 316 1846 in
343 1809 480 1847 urceis
511 1807 579 1847 vel
606 1809 712 1847 armi
737 1808 893 1860 spatio.
961 1809 1067 1849 Ibid.
1093 1806 1226 1862 χυλὸς
1267 1811 1322 1851 de
1359 1811 1511 1852 hordei

33 1876 191 1929 ptisana
220 1877 558 1931 intellegendum,
589 1891 695 1930 quae
724 1879 1027 1931 aegrotantium
1059 1885 1102 1920 et
1132 1880 1404 1922 delicatorum
1433 1882 1510 1923 ho-

31 1947 189 1987 minum
217 1946 296 1987 fuit
325 1949 510 1990 sorbitio.
568 1949 675 1991 Vide
706 1962 812 2002 quae
841 1950 924 1991 dixi
954 1950 1033 1991 vol.
1058 1951 1096 1991 11
1127 1966 1169 2006 p.
1185 1954 1282 1994 211.
1344 1953 1419 1995 crr
1448 1955 1511 1995 in-

3 2015 9 2018 ”
34 2022 173 2058 certus
212 2019 322 2071 apud
360 2019 557 2060 Photium
596 2035 638 2075 p.
668 2021 751 2062 395
789 2021 837 2061 5:
889 2019 1111 2074 παρέλαβε
1150 2020 1231 2072 τήν
1270 2021 1420 2073 πόλιν,
1460 2013 1513 2065 οὐ

31 2084 115 2135 τὴν
143 2086 215 2128 ἐπὶ
246 2087 334 2130 τῶν
363 2086 601 2144 προγόνων,
633 2087 745 2131 ἀλλὰ
765 2089 904 2146 γραῦν
933 2087 1156 2134 σανδάλια
1186 2091 1512 2149 ὑποδεδεμένην

32 2157 107 2198 καὶ
137 2156 357 2210 πτισάνην
385 2160 628 2217 ῥοᾳοῦσαν.
674 2189 732 2198 --
782 2164 854 2205 Vs.
885 2165 913 2204 7
941 2159 1043 2211 Διὸς
1072 2161 1310 2218 ἐγκέφαλος
1339 2181 1511 2221 prover-

30 2229 194 2272 bialiter
224 2232 372 2273 dicitur
402 2234 455 2274 de
493 2235 584 2275 cibo
627 2235 934 2276 delicatissimo.
1003 2236 1053 2278 V.
1084 2248 1187 2289 quos
1226 2238 1368 2279 laudat
1404 2240 1510 2280 Bur-

4 2304 7 2307 ’
34 2312 207 2344 mannus
237 2303 289 2345 ad
318 2304 472 2347 Valesii
502 2306 678 2348 Emend.
714 2306 730 2346 l
762 2321 802 2359 p.
832 2305 900 2347 25.
