1702 3158
594 149 814 195 TYPPH
814 148 854 192 N
859 147 940 192 ΟΣ
1416 149 1500 192 581

28 271 191 314 tetricis
220 269 460 322 (Menandr.
480 281 522 323 p.
555 269 658 319 1⁰2)
687 278 838 309 nomen
868 265 998 307 latere
1024 263 1295 318 probabiliter
1323 263 1502 305 coniecit

29 344 200 386 eones.
257 342 303 383 Si
333 335 528 381 τύπανον
556 351 632 392 pro
660 332 894 391 τύμπανον
933 336 1112 377 comicos
1149 336 1301 376 dixisse
1333 334 1502 389 probari

27 418 186 469 posset,
214 426 294 453 non
326 412 432 452 male
453 410 658 452 coniicere
688 410 834 449 liceret
866 401 1150 462 τυπανίστρι’
1178 401 1334 459 Ἰσχάς.
1365 406 1502 457 Nunc,

29 489 226 538 qnantum
267 482 458 532 memini,
502 494 552 522 ex
581 481 755 521 scenicis
786 479 921 532 poetis
950 490 1057 519 unus
1085 477 1294 532 Diogenes
1320 478 1502 532 tragicus

28 550 227 594 τύπανον
256 553 356 594 dixit
383 553 492 606 apud
520 552 780 595 Athenaeum
809 549 908 592 xlv
939 562 979 602 p.
1011 547 1095 588 636
1113 561 1150 590 a.

866 744 995 803 Οἶνος
1023 749 1103 796 οὐκ
1132 751 1276 796 ἔνεστι

162 840 311 891 αὐτοῖς
340 838 448 898 πρὸς
476 839 674 897 ἑταίρους
703 834 931 894 πρόφασιν
959 838 1032 880 ἐπὶ
1061 836 1210 893 κῶμόν
1239 850 1378 888 τινας,

161 921 268 982 ὅπερ
297 927 438 968 ποιεῖν
466 924 601 967 εἴωθε
632 921 855 980 Γρυλλίων
884 919 968 966 ἀεί.

134 1043 374 1085 Athenaeus
403 1042 462 1084 vl
492 1055 533 1095 p.
562 1041 646 1081 244
662 1039 704 1081 f:
730 1033 981 1090 Ἀξιόνικος
1011 1031 1060 1077 δ’
1094 1032 1119 1078 ὁ
1147 1032 1337 1090 κωμικὸς
1365 1031 1413 1075 ἐν
1441 1029 1503 1091 τῷ

29 1111 235 1169 Τυρρηνῷ
264 1108 537 1168 Γρυλλίωνος
565 1107 644 1150 τοῦ
673 1106 924 1165 παρασίτου
958 1106 1006 1148 ἐν
1035 1102 1208 1156 τούτοις
1236 1100 1503 1162 μνημονεύει

30 1174 159 1232 Οἶνος
187 1182 279 1226 κτλ.
345 1184 479 1226 Versu
518 1182 650 1236 primo
689 1178 771 1220 νῦν
809 1181 967 1222 addunt
991 1180 1079 1223 VL.
1139 1180 1292 1221 Cetera
1321 1178 1503 1218 fortasse

23 1257 82 1297 ita
109 1255 324 1297 scribenda
354 1258 472 1295 sunt:
509 1248 733 1306 πρόφασις
769 1249 843 1291 ἐπὶ
870 1245 1019 1304 κῶμόν
1056 1261 1178 1299 τινα,
1217 1251 1297 1291 hac
1332 1253 1505 1290 senten-

24 1328 108 1368 tia:
144 1326 284 1366 vinum
329 1324 472 1377 (quod
513 1325 667 1365 affatim
705 1322 894 1373 habent)
931 1321 1164 1362 obtendere
1207 1332 1291 1362 non
1327 1321 1504 1374 possunt

22 1395 351 1438 commessationi
380 1390 491 1449 apud
518 1395 683 1437 sodales
713 1393 1007 1436 instituendae.
1075 1392 1173 1433 Sive
1202 1392 1322 1434 malis
1350 1391 1408 1430 ita
1437 1389 1503 1429 in-

23 1468 268 1522 terpretari:
304 1466 408 1506 nihil
437 1467 520 1507 vini
549 1466 723 1516 habent,
753 1478 876 1518 qnam
906 1478 997 1506 rem
1021 1464 1301 1519 praetendere
1330 1460 1505 1515 possunt

23 1537 344 1581 commissationi
382 1535 492 1590 apud
526 1536 704 1579 sodales.
770 1537 856 1579 Sed
894 1532 1121 1592 πρόφασις
1149 1533 1223 1577 ἐπὶ
1251 1529 1400 1586 κῶμον
1426 1540 1503 1584 pro

20 1604 249 1662 πρόφασις
286 1601 433 1661 κώμου
467 1606 645 1650 fortasse
683 1621 765 1650 non
801 1612 918 1651 recte
956 1609 1121 1651 dicitnr.
1182 1608 1267 1650 Pro
1305 1598 1504 1658 ἑταίρους

25 1678 121 1721 vide
149 1692 202 1722 an
230 1673 399 1734 ἑτέρους
426 1679 690 1722 scribendum
720 1680 788 1722 sit.

366 1933 1156 1980 ΦΙΛΕΥΡΙΠΙΔΗΣ.

751 2074 784 2114 l.

725 2151 899 2197 ”Αλλον
928 2151 955 2194 δ
966 2150 977 2164 '
1010 2148 1148 2208 ἰχθὺν

259 2238 439 2295 μεγέθει
467 2235 656 2282 πίσυνόν
684 2253 785 2283 τινα
815 2237 962 2282 τοῖσδε
994 2237 1145 2287 τόποις

263 2318 360 2376 ἥκει
387 2322 572 2380 κομίσας

252 2405 445 2465 γλαυκός
473 2424 539 2460 τις
567 2408 614 2451 ἐν
642 2406 791 2468 πόντῳ
819 2407 1001 2466 γαλεοὺς

122 2543 125 2547 ⁴
202 2493 232 2536 5
258 2496 383 2538 σῖτον
411 2491 662 2552 ὀψοφάγων
688 2496 766 2539 καὶ
794 2494 952 2552 λίχνων
982 2489 1158 2550 ἀνδρῶν

255 2570 468 2636 ἀγάπημα
497 2580 643 2637 φέρων
671 2580 785 2624 κατὰ
815 2581 903 2623 ταῖν
926 2577 1073 2634 ὤμων.

257 2661 358 2705 τίνα
386 2661 492 2724 τῷδ’
524 2666 662 2710 ἐνέπω
690 2667 773 2720 τὴν
802 2662 1063 2716 σκευασίαν,-

261 2742 443 2806 ’ῑόῐεθθν
466 2750 617 2812 χλωρῷ
645 2752 864 2811 τρίμματι
893 2749 1068 2806 βρέξας,
1128 2818 1185 2859 34
1215 2818 1234 2839 ¹·
