1656 3146
597 130 890 175 ANAxleS'.
1395 127 1480 168 683

511 245 559 286 N
588 244 626 285 Ε
657 243 693 284 0
727 243 768 284 Τ
801 243 837 283 Y
863 241 887 283 1
916 240 970 283 Σ.

736 331 767 370 Ι.

10 408 206 471 Quisquis
229 417 404 459 unquam
435 413 674 456 quamquam
703 401 850 440 amavit
881 410 1035 452 genere
1066 397 1117 437 de
1148 395 1398 447 meretricio,

10 481 125 520 dicet
154 478 309 518 nullum
339 486 468 527 aeque
497 474 717 515 scelestum
749 484 872 524 posse
903 469 1078 521 reperiri
1108 480 1251 520 genus.

10 564 109 591 nam
139 562 243 601 quae
273 546 466 587 terribilis
496 545 717 592 dracaena,
747 554 852 594 quae
883 541 1101 581 Chimaera
1132 540 1268 592 ignem
1297 549 1481 586 vomens,

10 620 120 673 Tquae
150 618 389 671 Charybdis,
420 629 524 668 quae
554 615 748 654 trivertex
778 611 915 664 Scylla
946 610 1056 650 canis
1087 609 1308 663 Neptunia,

15 691 180 742 Vipera,
211 693 385 737 excetra,
415 686 585 739 Sphinx,
614 685 773 733 leaena,
804 683 974 722 volucre
1004 681 1281 734 Harpyiarum
1310 690 1454 732 genus·

8 773 261 812 ,exsuperare
290 759 493 799 nationem
524 757 656 796 valeat
686 753 1010 795 exsecrabilem?

8 817 94 871 ‘non
124 834 235 885 pote.
284 829 378 868 illae
412 828 520 880 quod
551 827 752 867 malorum
784 828 847 864 est
877 836 1060 876 usquam,
1090 826 1288 876 superant
1315 820 1482 862 malitia.

8 900 191 953 {singulas
220 899 525 939 consideremus
556 897 712 937 ordine.
770 895 946 948 primum
979 895 1249 946 Plangonem,

8 983 128 1012 ¹more
157 982 262 1023 quae
291 969 418 1010 trucis
448 968 694 1009 Chimaerae
724 969 855 1005 vastat
883 965 979 1018 igne
1010 965 1228 1005 barbaros:

8 1046 117 1083 'unus
147 1041 311 1080 tandem
342 1051 469 1091 eques
501 1042 565 1078 est
594 1041 799 1089 repertus,
828 1036 908 1088 ipsi
939 1036 1009 1088 qui
1037 1036 1161 1075 vitam
1191 1033 1384 1074 abstulit:

7 1125 106 1153 nam
135 1110 395 1164 supellectile
424 1108 533 1150 omni
562 1112 678 1160 rapta
707 1114 752 1147 se
782 1107 988 1160 proripuit
1017 1106 1070 1146 de
1100 1106 1238 1146 domo.

16 1187 58 1222 at
87 1182 235 1234 quibus
265 1194 333 1220 res
361 1192 452 1219 cum
483 1179 636 1230 Sinope
667 1181 743 1226 est,
772 1190 911 1218 nonne
939 1191 1008 1218 res
1039 1182 1103 1218 est
1133 1189 1227 1218 cum
1258 1176 1456 1217 excetra?

6 1254 104 1306 'ipsa
134 1263 307 1303 namque
336 1263 436 1290 anus
468 1255 553 1298 est3
584 1254 626 1289 at
654 1250 714 1290 illi
744 1250 825 1289 iam
855 1249 1098 1289 Gnathaena
1127 1248 1376 1301 agnascitur,

6 1323 213 1376 {pleraque
241 1321 352 1360 illam
383 1320 556 1372 pulchre
585 1320 789 1369 referens,
819 1319 947 1372 pestis
977 1323 1023 1360 ut
1052 1320 1125 1359 fiat
1155 1319 1322 1372 duplex.

6 1387 218 1443 {Nunnium
247 1404 344 1431 vero
375 1388 470 1443 quid
501 1396 564 1431 est
595 1391 718 1443 quod,
752 1403 839 1439 oro,
870 1404 894 1430 a
923 1390 1063 1443 Scylla
1094 1390 1290 1430 differat?

6 1473 152 1517 {nonne
182 1463 340 1503 duobus
368 1462 631 1514 strangulatis
659 1462 740 1501 iam
771 1464 944 1501 venatur
974 1462 1175 1502 tertium?

5 1534 91 1576 ised
124 1545 326 1574 remorum
354 1533 503 1574 auxilio
534 1532 647 1573 navis
680 1527 827 1585 effugit
855 1533 1100 1586 periculum.

4 1591 62 1646 sat
90 1605 334 1658 Charybdim
366 1616 501 1645 noune
533 1604 702 1657 Phryne
732 1604 854 1657 longe
886 1608 981 1656 post
1010 1617 1056 1644 se
1086 1607 1314 1656 postumat,

22 1688 125 1728 quae
153 1676 467 1716 naviculatorem
497 1675 705 1729 absorpsit
735 1679 866 1716 totum
899 1688 990 1715 eum
1023 1675 1115 1715 navi
1147 1676 1249 1715 sua?

4 1742 63 1787 *at
92 1746 261 1787 Theano
291 1747 407 1787 Siren
437 1747 524 1800 ipsa
555 1749 629 1797 est,
661 1747 739 1787 nisi
770 1747 880 1799 quod
909 1746 1053 1799 glabro
1085 1755 1275 1799 corpore,

3 1817 86 1865 {cui
115 1816 292 1858 feminea
321 1830 397 1858 vox
427 1821 468 1857 et
497 1830 543 1858 os
573 1822 649 1867 est,
684 1830 803 1857 crura
834 1819 970 1869 qualia
999 1819 1198 1858 merulae.

3 1886 172 1941 {Sphinx
202 1888 412 1939 Thebana,
439 1889 518 1929 hoc
547 1902 696 1929 nomen
728 1902 871 1930 omnes
900 1890 941 1929 in
973 1890 1214 1930 meretrices
1245 1889 1449 1940 convenit,

2 1946 126 2015 {quae
154 1958 254 1999 nihil
284 1959 422 1999 dicunt
451 1965 608 2012 aperte,
639 1960 713 2001 sed
745 1961 1070 2014 perplexiloquis
1101 1961 1255 2001 modis:

2 2039 170 2080 inempe
199 2042 243 2069 se
271 2030 458 2083 diligere,
489 2043 628 2070 amare
657 2036 700 2071 et
730 2043 811 2071 una
842 2045 934 2072 esse
964 2032 1249 2073 libentissime.

2 2101 124 2147 tum,
152 2099 381 2154 quadrupes
411 2101 510 2140 mibi
541 2101 676 2151 detur,
707 2102 834 2152 aiunt,
863 2102 998 2142 lectus
1029 2107 1098 2141 aut
1127 2103 1249 2143 sedes
1278 2108 1392 2157 puta,

2 2179 4 2214 1
27 2167 131 2208 adde
160 2169 359 2222 bipedem,
391 2172 496 2212 haec
526 2175 589 2211 est
617 2173 778 2225 puella·
809 2173 946 2213 veniat
975 2178 1187 2226 postremo
1218 2175 1361 2227 tripes.

1 2233 129 2282 shaeo
156 2241 223 2292 qui
252 2241 460 2295 intelligit,
490 2243 647 2283 recedit
675 2245 788 2284 illico
819 2248 1011 2295 tanquam
1045 2245 1243 2297 Oedipus,

0 2310 3 2349 ἒ
27 2308 85 2350 nil
112 2310 173 2350 sui
201 2311 314 2362 daus,
343 2319 465 2366 atque
495 2315 552 2354 ita
582 2315 695 2354 solus
726 2315 863 2354 damni
894 2328 939 2355 se
968 2316 1191 2355 immunem
1223 2315 1334 2358 facit.

0 2389 2 2403 ²
29 2383 71 2420 at
98 2381 164 2433 qui
193 2394 238 2422 se
267 2385 441 2425 credunt
470 2386 611 2434 amari,
642 2398 804 2425 sursum
836 2386 1038 2426 tolluntur
1068 2387 1202 2426 statim

0 2447 2 2515 l
34 2450 134 2491 coeli
161 2453 354 2495 sublimes
382 2456 423 2495 in
453 2467 586 2496 auras.
645 2457 825 2496 breviter
855 2462 955 2508 quot
984 2462 1080 2497 sunt
1109 2458 1287 2509 belluae,

0 2533 1 2573 j
33 2520 234 2576 interkhas
263 2530 326 2565 est
355 2526 480 2576 nulla,
509 2531 645 2568 scorto
677 2540 783 2580 quae
811 2527 864 2568 sit
893 2529 1166 2582 pestilentior.

728 2613 781 2653 11.

0 2712 2 2719 ι
35 2661 78 2703 Si
103 2675 187 2717 qua>
207 2679 257 2708 ex
285 2667 476 2710 divitibus
505 2670 703 2722 colligens
732 2669 969 2721 mediocria,

34 2737 277 2791 pauperibus
305 2741 431 2791 gratis
459 2741 618 2795 copiam
647 2741 805 2784 faceret
834 2743 912 2791 sui,
