<?xml version="1.0" encoding="UTF-8"?>
<!DOCTYPE html PUBLIC "-//W3C//DTD XHTML 1.0 Transitional//EN"
    "http://www.w3.org/TR/xhtml1/DTD/xhtml1-transitional.dtd">
<html xmlns="http://www.w3.org/1999/xhtml" xml:lang="en" lang="en">
 <head>
  <title>
</title>
<meta http-equiv="Content-Type" content="text/html;charset=utf-8" />
  <meta name='ocr-system' content='tesseract 3.04.00' />
  <meta name='ocr-capabilities' content='ocr_page ocr_carea ocr_par ocr_line ocrx_word'/>
</head>
<body>
  <div class='ocr_page' id='page_1' title='image "./fragmentacomicor03meinuoft_0439.png"; bbox 0 0 1702 3158; ppageno 0'>
   <div class='ocr_carea' id='block_1_1' title="bbox 278 145 1535 197">
    <p class='ocr_par' dir='ltr' id='par_1_1' title="bbox 278 145 1535 197">
     <span class='ocr_line' id='line_1_1' title="bbox 278 145 1535 197; baseline -0.002 0"><span class='ocrx_word' id='word_1_1' title='bbox 278 154 321 197; x_wconf 90' lang='grc' dir='ltr'><strong><em>Κ</em></strong></span> <span class='ocrx_word' id='word_1_2' title='bbox 324 154 408 197; x_wconf 89' lang='grc' dir='ltr'><strong><em>ΡΑ</em></strong></span> <span class='ocrx_word' id='word_1_3' title='bbox 415 153 495 195; x_wconf 89' lang='lat' dir='ltr'><strong><em>TE</em></strong></span> <span class='ocrx_word' id='word_1_4' title='bbox 502 151 622 195; x_wconf 83' lang='grc' dir='ltr'><strong><em>ΥΑΣ</em></strong></span> <span class='ocrx_word' id='word_1_5' title='bbox 646 151 697 193; x_wconf 89' lang='grc' dir='ltr'><em>Η</em></span> <span class='ocrx_word' id='word_1_6' title='bbox 732 145 1308 193; x_wconf 81' lang='grc' dir='ltr'><em>ΦΑΡΜΑΚΟΠΩΛΗΣ.</em></span> <span class='ocrx_word' id='word_1_7' title='bbox 1452 152 1535 194; x_wconf 78' lang='grc'><strong><em>431</em></strong></span> 
     </span>
    </p>
   </div>
   <div class='ocr_carea' id='block_1_2' title="bbox 0 261 1539 1032">
    <p class='ocr_par' dir='ltr' id='par_1_2' title="bbox 0 261 1539 1032">
     <span class='ocr_line' id='line_1_2' title="bbox 62 261 1537 324; baseline -0.004 -12"><span class='ocrx_word' id='word_1_8' title='bbox 62 266 281 322; x_wconf 78' lang='grc' dir='ltr'><strong><em>πελιδνόν,</em></strong></span> <span class='ocrx_word' id='word_1_9' title='bbox 313 282 486 324; x_wconf 83' lang='lat' dir='ltr'><strong>proquo</strong></span> <span class='ocrx_word' id='word_1_10' title='bbox 517 261 732 317; x_wconf 80' lang='grc' dir='ltr'><strong><em>πελιτνόν,</em></strong></span> <span class='ocrx_word' id='word_1_11' title='bbox 762 267 927 308; x_wconf 80' lang='lat' dir='ltr'>atticam</span> <span class='ocrx_word' id='word_1_12' title='bbox 957 266 1132 308; x_wconf 74' lang='lat' dir='ltr'><strong>formum</strong></span> <span class='ocrx_word' id='word_1_13' title='bbox 1150 266 1204 317; x_wconf 69' lang='lat'><strong><em>²⁶),</em></strong></span> <span class='ocrx_word' id='word_1_14' title='bbox 1233 264 1414 306; x_wconf 80' lang='lat' dir='ltr'>restituit</span> <span class='ocrx_word' id='word_1_15' title='bbox 1433 265 1537 306; x_wconf 80' lang='lat' dir='ltr'><strong>Por-</strong></span> 
     </span>
     <span class='ocr_line' id='line_1_3' title="bbox 62 335 1537 391; baseline -0.005 -6"><span class='ocrx_word' id='word_1_16' title='bbox 62 357 201 385; x_wconf 79' lang='lat' dir='ltr'>sonus.</span> <span class='ocrx_word' id='word_1_17' title='bbox 272 342 374 383; x_wconf 85' lang='lat' dir='ltr'>ibid.</span> <span class='ocrx_word' id='word_1_18' title='bbox 405 335 457 380; x_wconf 81' lang='grc' dir='ltr'><strong><em>ὃν</em></strong></span> <span class='ocrx_word' id='word_1_19' title='bbox 486 353 534 380; x_wconf 83' lang='lat' dir='ltr'><strong><em>ex</em></strong></span> <span class='ocrx_word' id='word_1_20' title='bbox 564 340 800 380; x_wconf 80' lang='lat' dir='ltr'>coniectura</span> <span class='ocrx_word' id='word_1_21' title='bbox 830 339 987 379; x_wconf 82' lang='lat' dir='ltr'>addidit</span> <span class='ocrx_word' id='word_1_22' title='bbox 1015 338 1237 391; x_wconf 82' lang='lat' dir='ltr'>Berglerus</span> <span class='ocrx_word' id='word_1_23' title='bbox 1268 336 1320 376; x_wconf 81' lang='lat' dir='ltr'><strong><em>ad</em></strong></span> <span class='ocrx_word' id='word_1_24' title='bbox 1350 337 1537 390; x_wconf 86' lang='lat' dir='ltr'>Aiciphr.</span> 
     </span>
     <span class='ocr_line' id='line_1_4' title="bbox 62 408 1538 467; baseline -0.005 -12"><span class='ocrx_word' id='word_1_25' title='bbox 62 415 196 467; x_wconf 81' lang='lat' dir='ltr'><strong>Epist.</strong></span> <span class='ocrx_word' id='word_1_26' title='bbox 214 414 231 453; x_wconf 94' lang='lat' dir='ltr'>I</span> <span class='ocrx_word' id='word_1_27' title='bbox 258 414 313 453; x_wconf 89' lang='grc'><strong><em>20</em></strong></span> <span class='ocrx_word' id='word_1_28' title='bbox 331 417 372 453; x_wconf 85' lang='lat' dir='ltr'><strong><em>et</em></strong></span> <span class='ocrx_word' id='word_1_29' title='bbox 391 413 609 452; x_wconf 80' lang='lat' dir='ltr'>Piersonus</span> <span class='ocrx_word' id='word_1_30' title='bbox 626 411 677 450; x_wconf 82' lang='lat' dir='ltr'><strong><em>ad</em></strong></span> <span class='ocrx_word' id='word_1_31' title='bbox 689 410 824 451; x_wconf 81' lang='lat' dir='ltr'><strong>Moer.</strong></span> <span class='ocrx_word' id='word_1_32' title='bbox 841 423 881 463; x_wconf 90' lang='lat' dir='ltr'><strong><em>p.</em></strong></span> <span class='ocrx_word' id='word_1_33' title='bbox 897 409 994 450; x_wconf 80' lang='lat'><strong>325.</strong></span> <span class='ocrx_word' id='word_1_34' title='bbox 1026 409 1254 450; x_wconf 83' lang='lat' dir='ltr'>Confirmat</span> <span class='ocrx_word' id='word_1_35' title='bbox 1270 408 1316 449; x_wconf 85' lang='lat' dir='ltr'><strong><em>G.</em></strong></span> <span class='ocrx_word' id='word_1_36' title='bbox 1340 408 1538 448; x_wconf 81' lang='lat' dir='ltr'><strong>Ceterum</strong></span> 
     </span>
     <span class='ocr_line' id='line_1_5' title="bbox 65 473 1536 536; baseline -0.005 -9.339"><span class='ocrx_word' id='word_1_37' title='bbox 65 485 195 526; x_wconf 69' lang='lat' dir='ltr'>cfrad</span> <span class='ocrx_word' id='word_1_38' title='bbox 211 481 601 536; x_wconf 75' lang='lat' dir='ltr'>Crobyiix’eudoh.</span> <span class='ocrx_word' id='word_1_39' title='bbox 624 481 661 520; x_wconf 84' lang='grc' dir='ltr'><strong><em>ιι</em></strong></span> <span class='ocrx_word' id='word_1_40' title='bbox 679 482 718 520; x_wconf 79' lang='lat'><strong><em>2.</em></strong></span> <span class='ocrx_word' id='word_1_41' title='bbox 750 508 805 514; x_wconf 80' lang='grc'><strong>-</strong></span> <span class='ocrx_word' id='word_1_42' title='bbox 833 482 905 522; x_wconf 74' lang='lat' dir='ltr'><strong><em>vs.</em></strong></span> <span class='ocrx_word' id='word_1_43' title='bbox 924 481 976 520; x_wconf 81' lang='grc'><strong><em>19</em></strong></span> <span class='ocrx_word' id='word_1_44' title='bbox 1005 473 1285 531; x_wconf 72' lang='grc' dir='ltr'><strong><em>Λι’ᾱλλ’ἐγώ</em></strong></span> <span class='ocrx_word' id='word_1_45' title='bbox 1314 479 1406 518; x_wconf 77' lang='lat' dir='ltr'><strong><em>Let</em></strong></span> <span class='ocrx_word' id='word_1_46' title='bbox 1436 480 1536 532; x_wconf 77' lang='lat' dir='ltr'>epit.</span> 
     </span>
     <span class='ocr_line' id='line_1_6' title="bbox 0 546 1538 603; baseline -0.003 -8"><span class='ocrx_word' id='word_1_47' title='bbox 0 558 1 563; x_wconf 77' lang='grc'>’</span> <span class='ocrx_word' id='word_1_48' title='bbox 65 556 249 596; x_wconf 81' lang='lat' dir='ltr'><strong>Hoesch.</strong></span> <span class='ocrx_word' id='word_1_49' title='bbox 281 551 355 592; x_wconf 81' lang='grc' dir='ltr'><strong><em>δία</em></strong></span> <span class='ocrx_word' id='word_1_50' title='bbox 385 551 492 602; x_wconf 76' lang='grc' dir='ltr'><strong><em>λέγω</em></strong></span> <span class='ocrx_word' id='word_1_51' title='bbox 519 551 680 592; x_wconf 90' lang='lat' dir='ltr'><strong>ABPV.</strong></span> <span class='ocrx_word' id='word_1_52' title='bbox 720 577 774 584; x_wconf 85' lang='lat'><strong>—</strong></span> <span class='ocrx_word' id='word_1_53' title='bbox 815 553 884 593; x_wconf 85' lang='lat' dir='ltr'><strong><em>Vs.</em></strong></span> <span class='ocrx_word' id='word_1_54' title='bbox 917 552 970 590; x_wconf 82' lang='lat'><strong><em>19</em></strong></span> <span class='ocrx_word' id='word_1_55' title='bbox 1002 547 1152 603; x_wconf 68' lang='grc' dir='ltr'><strong><em>σοφαῖς</em></strong></span> <span class='ocrx_word' id='word_1_56' title='bbox 1184 551 1230 590; x_wconf 86' lang='lat' dir='ltr'><strong><em>C.</em></strong></span> <span class='ocrx_word' id='word_1_57' title='bbox 1264 546 1418 603; x_wconf 77' lang='grc' dir='ltr'><strong><em>σαᾳῶς</em></strong></span> <span class='ocrx_word' id='word_1_58' title='bbox 1447 551 1538 598; x_wconf 81' lang='lat' dir='ltr'>(su-</span> 
     </span>
     <span class='ocr_line' id='line_1_7' title="bbox 65 619 1537 680; baseline -0.005 -13"><span class='ocrx_word' id='word_1_59' title='bbox 65 628 294 680; x_wconf 84' lang='lat' dir='ltr'>perscripto</span> <span class='ocrx_word' id='word_1_60' title='bbox 311 628 354 677; x_wconf 93' lang='grc' dir='ltr'><strong><em>ο)</em></strong></span> <span class='ocrx_word' id='word_1_61' title='bbox 385 625 430 664; x_wconf 93' lang='lat' dir='ltr'><strong><em>B.</em></strong></span> <span class='ocrx_word' id='word_1_62' title='bbox 452 619 605 674; x_wconf 77' lang='grc' dir='ltr'><strong><em>σαφῶς</em></strong></span> <span class='ocrx_word' id='word_1_63' title='bbox 624 622 744 664; x_wconf 87' lang='lat' dir='ltr'><strong>PVL.</strong></span> <span class='ocrx_word' id='word_1_64' title='bbox 776 648 831 654; x_wconf 87' lang='lat'>—</span> <span class='ocrx_word' id='word_1_65' title='bbox 863 623 934 663; x_wconf 86' lang='lat' dir='ltr'><strong><em>Vs.</em></strong></span> <span class='ocrx_word' id='word_1_66' title='bbox 952 622 1003 661; x_wconf 83' lang='lat'><strong><em>21</em></strong></span> <span class='ocrx_word' id='word_1_67' title='bbox 1023 626 1065 662; x_wconf 84' lang='lat' dir='ltr'><strong><em>et</em></strong></span> <span class='ocrx_word' id='word_1_68' title='bbox 1081 622 1136 662; x_wconf 90' lang='grc'><strong><em>22</em></strong></span> <span class='ocrx_word' id='word_1_69' title='bbox 1166 626 1262 661; x_wconf 83' lang='lat' dir='ltr'>ante</span> <span class='ocrx_word' id='word_1_70' title='bbox 1278 621 1537 662; x_wconf 86' lang='lat' dir='ltr'>Dindorfium</span> 
     </span>
     <span class='ocr_line' id='line_1_8' title="bbox 66 684 1538 745; baseline -0.003 -9"><span class='ocrx_word' id='word_1_71' title='bbox 66 694 173 737; x_wconf 80' lang='grc' dir='ltr'><strong><em>ποῶ.</em></strong></span> <span class='ocrx_word' id='word_1_72' title='bbox 219 723 272 729; x_wconf 81' lang='lat'>—</span> <span class='ocrx_word' id='word_1_73' title='bbox 319 696 389 737; x_wconf 79' lang='lat' dir='ltr'><strong><em>Vs.</em></strong></span> <span class='ocrx_word' id='word_1_74' title='bbox 420 695 470 734; x_wconf 87' lang='grc'><strong><em>21</em></strong></span> <span class='ocrx_word' id='word_1_75' title='bbox 510 684 622 732; x_wconf 69' lang='grc' dir='ltr'><strong><em>ὥστε</em></strong></span> <span class='ocrx_word' id='word_1_76' title='bbox 651 690 752 740; x_wconf 80' lang='grc' dir='ltr'><strong><em>τοὺς</em></strong></span> <span class='ocrx_word' id='word_1_77' title='bbox 781 706 914 745; x_wconf 82' lang='lat' dir='ltr'>usque</span> <span class='ocrx_word' id='word_1_78' title='bbox 943 693 995 733; x_wconf 79' lang='lat' dir='ltr'><strong><em>ad</em></strong></span> <span class='ocrx_word' id='word_1_79' title='bbox 1025 706 1084 735; x_wconf 76' lang='lat' dir='ltr'><strong><em>VS.</em></strong></span> <span class='ocrx_word' id='word_1_80' title='bbox 1115 693 1172 733; x_wconf 86' lang='grc'><strong><em>23</em></strong></span> <span class='ocrx_word' id='word_1_81' title='bbox 1201 693 1343 745; x_wconf 82' lang='lat' dir='ltr'><strong>paucis</strong></span> <span class='ocrx_word' id='word_1_82' title='bbox 1373 693 1538 733; x_wconf 75' lang='lat' dir='ltr'>mutatis</span> 
     </span>
     <span class='ocr_line' id='line_1_9' title="bbox 65 764 1539 818; baseline -0.003 -10"><span class='ocrx_word' id='word_1_83' title='bbox 65 768 187 808; x_wconf 78' lang='lat' dir='ltr'>etiam</span> <span class='ocrx_word' id='word_1_84' title='bbox 217 767 258 806; x_wconf 89' lang='lat' dir='ltr'><strong><em>in</em></strong></span> <span class='ocrx_word' id='word_1_85' title='bbox 288 765 591 818; x_wconf 85' lang='lat' dir='ltr'>Asclepiociide</span> <span class='ocrx_word' id='word_1_86' title='bbox 623 765 771 818; x_wconf 82' lang='lat' dir='ltr'>posuit.</span> <span class='ocrx_word' id='word_1_87' title='bbox 803 764 911 806; x_wconf 86' lang='lat' dir='ltr'>Vide</span> <span class='ocrx_word' id='word_1_88' title='bbox 940 776 1064 817; x_wconf 79' lang='lat' dir='ltr'><strong>supra</strong></span> <span class='ocrx_word' id='word_1_89' title='bbox 1094 778 1134 817; x_wconf 91' lang='lat' dir='ltr'><strong><em>p.</em></strong></span> <span class='ocrx_word' id='word_1_90' title='bbox 1166 764 1263 803; x_wconf 86' lang='grc'><strong><em>394.</em></strong></span> <span class='ocrx_word' id='word_1_91' title='bbox 1295 790 1349 796; x_wconf 81' lang='grc'><strong>-</strong></span> <span class='ocrx_word' id='word_1_92' title='bbox 1380 764 1452 806; x_wconf 81' lang='lat' dir='ltr'><strong><em>Vs.</em></strong></span> <span class='ocrx_word' id='word_1_93' title='bbox 1483 764 1539 803; x_wconf 81' lang='grc'><strong><em>22</em></strong></span> 
     </span>
     <span class='ocr_line' id='line_1_10' title="bbox 65 830 1539 888; baseline -0.004 -11"><span class='ocrx_word' id='word_1_94' title='bbox 65 837 129 878; x_wconf 77' lang='lat' dir='ltr'><strong><em>cfr</em></strong></span> <span class='ocrx_word' id='word_1_95' title='bbox 144 837 194 876; x_wconf 79' lang='lat' dir='ltr'><strong><em>ad</em></strong></span> <span class='ocrx_word' id='word_1_96' title='bbox 208 831 567 888; x_wconf 61' lang='lat' dir='ltr'>Asclepioclidbm.</span> <span class='ocrx_word' id='word_1_97' title='bbox 598 861 654 868; x_wconf 78' lang='lat'>—</span> <span class='ocrx_word' id='word_1_98' title='bbox 687 836 756 877; x_wconf 84' lang='lat' dir='ltr'><strong><em>Vs.</em></strong></span> <span class='ocrx_word' id='word_1_99' title='bbox 774 835 829 874; x_wconf 89' lang='grc'><strong><em>24</em></strong></span> <span class='ocrx_word' id='word_1_100' title='bbox 860 838 930 874; x_wconf 83' lang='lat' dir='ltr'><strong><em>aut</em></strong></span> <span class='ocrx_word' id='word_1_101' title='bbox 959 830 1166 887; x_wconf 80' lang='grc' dir='ltr'><strong><em>ἐργασίας</em></strong></span> <span class='ocrx_word' id='word_1_102' title='bbox 1196 847 1270 887; x_wconf 89' lang='lat' dir='ltr'><strong><em>pro</em></strong></span> <span class='ocrx_word' id='word_1_103' title='bbox 1288 830 1539 883; x_wconf 78' lang='grc' dir='ltr'><strong><em>σκευασίας,</em></strong></span> 
     </span>
     <span class='ocr_line' id='line_1_11' title="bbox 63 899 1538 959; baseline -0.003 -11"><span class='ocrx_word' id='word_1_104' title='bbox 63 912 133 948; x_wconf 75' lang='lat' dir='ltr'><strong><em>aut</em></strong></span> <span class='ocrx_word' id='word_1_105' title='bbox 163 903 390 952; x_wconf 78' lang='grc' dir='ltr'><strong><em>διαθέσεις</em></strong></span> <span class='ocrx_word' id='word_1_106' title='bbox 419 919 493 959; x_wconf 85' lang='lat' dir='ltr'><strong><em>pro</em></strong></span> <span class='ocrx_word' id='word_1_107' title='bbox 524 899 746 952; x_wconf 81' lang='grc' dir='ltr'><strong><em>σκευάσεις</em></strong></span> <span class='ocrx_word' id='word_1_108' title='bbox 776 905 999 959; x_wconf 81' lang='lat' dir='ltr'>legendum</span> <span class='ocrx_word' id='word_1_109' title='bbox 1030 905 1231 959; x_wconf 81' lang='lat' dir='ltr'>suspicor.</span> <span class='ocrx_word' id='word_1_110' title='bbox 1277 929 1331 935; x_wconf 85' lang='lat'>—</span> <span class='ocrx_word' id='word_1_111' title='bbox 1377 904 1447 946; x_wconf 81' lang='lat' dir='ltr'><strong><em>Vs.</em></strong></span> <span class='ocrx_word' id='word_1_112' title='bbox 1482 904 1538 944; x_wconf 81' lang='lat'><strong><em>26</em></strong></span> 
     </span>
     <span class='ocr_line' id='line_1_12' title="bbox 65 970 953 1032; baseline 0.001 -16"><span class='ocrx_word' id='word_1_113' title='bbox 65 971 122 1017; x_wconf 68' lang='grc' dir='ltr'><strong><em>ἂν</em></strong></span> <span class='ocrx_word' id='word_1_114' title='bbox 149 990 227 1032; x_wconf 89' lang='lat' dir='ltr'><strong><em>pro</em></strong></span> <span class='ocrx_word' id='word_1_115' title='bbox 259 970 315 1016; x_wconf 80' lang='grc' dir='ltr'><strong><em>ἂν</em></strong></span> <span class='ocrx_word' id='word_1_116' title='bbox 346 977 553 1018; x_wconf 76' lang='lat' dir='ltr'>Personas</span> <span class='ocrx_word' id='word_1_117' title='bbox 581 977 754 1018; x_wconf 78' lang='lat' dir='ltr'>Advers.</span> <span class='ocrx_word' id='word_1_118' title='bbox 785 990 826 1031; x_wconf 88' lang='lat' dir='ltr'><strong><em>p.</em></strong></span> <span class='ocrx_word' id='word_1_119' title='bbox 856 977 953 1017; x_wconf 83' lang='grc'><strong><em>232,</em></strong></span> 
     </span>
    </p>
   </div>
   <div class='ocr_carea' id='block_1_3' title="bbox 57 1067 1539 2131">
    <p class='ocr_par' dir='ltr' id='par_1_3' title="bbox 227 1067 1432 1544">
     <span class='ocr_line' id='line_1_13' title="bbox 766 1067 820 1107; baseline 0 0"><span class='ocrx_word' id='word_1_120' title='bbox 766 1067 820 1107; x_wconf 83' lang='grc' dir='ltr'><strong><em>ΙΙ.</em></strong></span> 
     </span>
     <span class='ocr_line' id='line_1_14' title="bbox 237 1144 1320 1207; baseline -0.004 -16"><span class='ocrx_word' id='word_1_121' title='bbox 237 1148 307 1207; x_wconf 77' lang='grc' dir='ltr'><strong><em>Τῷ</em></strong></span> <span class='ocrx_word' id='word_1_122' title='bbox 337 1148 666 1203; x_wconf 82' lang='grc' dir='ltr'><strong><em>Καλλιμέδοντι</em></strong></span> <span class='ocrx_word' id='word_1_123' title='bbox 696 1147 779 1205; x_wconf 78' lang='grc' dir='ltr'><strong><em>γάρ</em></strong></span> <span class='ocrx_word' id='word_1_124' title='bbox 810 1146 1049 1206; x_wconf 75' lang='grc' dir='ltr'><strong><em>θεραπεύω</em></strong></span> <span class='ocrx_word' id='word_1_125' title='bbox 1078 1145 1157 1197; x_wconf 81' lang='grc' dir='ltr'><strong><em>τὰς</em></strong></span> <span class='ocrx_word' id='word_1_126' title='bbox 1187 1144 1320 1203; x_wconf 83' lang='grc' dir='ltr'><strong><em>κόρας</em></strong></span> 
     </span>
     <span class='ocr_line' id='line_1_15' title="bbox 232 1225 1183 1291; baseline -0.001 -16"><span class='ocrx_word' id='word_1_127' title='bbox 232 1231 318 1285; x_wconf 78' lang='grc' dir='ltr'><strong><em>ἤδη</em></strong></span> <span class='ocrx_word' id='word_1_128' title='bbox 348 1231 556 1291; x_wconf 86' lang='grc' dir='ltr'><strong><em>τετάρτην</em></strong></span> <span class='ocrx_word' id='word_1_129' title='bbox 584 1232 765 1290; x_wconf 74' lang='grc' dir='ltr'><strong><em>ἡμέραν.</em></strong></span> <span class='ocrx_word' id='word_1_130' title='bbox 825 1234 879 1277; x_wconf 86' lang='grc' dir='ltr'><strong><em>Β.</em></strong></span> <span class='ocrx_word' id='word_1_131' title='bbox 910 1225 1029 1285; x_wconf 79' lang='grc' dir='ltr'><strong><em>ἦσαν</em></strong></span> <span class='ocrx_word' id='word_1_132' title='bbox 1057 1228 1183 1289; x_wconf 84' lang='grc' dir='ltr'><strong><em>κόραι</em></strong></span> 
     </span>
     <span class='ocr_line' id='line_1_16' title="bbox 228 1309 1432 1377; baseline -0.002 -17"><span class='ocrx_word' id='word_1_133' title='bbox 228 1319 472 1375; x_wconf 70' lang='grc' dir='ltr'><strong><em>θυγατέρες</em></strong></span> <span class='ocrx_word' id='word_1_134' title='bbox 502 1317 645 1377; x_wconf 53' lang='grc' dir='ltr'><strong><em>αὐτοῖς</em></strong></span> <span class='ocrx_word' id='word_1_135' title='bbox 674 1319 733 1362; x_wconf 89' lang='lat' dir='ltr'><strong><em>A.</em></strong></span> <span class='ocrx_word' id='word_1_136' title='bbox 764 1317 840 1368; x_wconf 76' lang='grc' dir='ltr'><strong><em>τάς</em></strong></span> <span class='ocrx_word' id='word_1_137' title='bbox 869 1321 950 1373; x_wconf 78' lang='grc' dir='ltr'><strong><em>μὲν</em></strong></span> <span class='ocrx_word' id='word_1_138' title='bbox 979 1309 1060 1360; x_wconf 76' lang='grc' dir='ltr'><strong><em>οὗν</em></strong></span> <span class='ocrx_word' id='word_1_139' title='bbox 1090 1318 1177 1360; x_wconf 81' lang='grc' dir='ltr'><strong><em>τῶν</em></strong></span> <span class='ocrx_word' id='word_1_140' title='bbox 1205 1314 1432 1372; x_wconf 79' lang='grc' dir='ltr'><strong><em>ὀμμάτων,</em></strong></span> 
     </span>
     <span class='ocr_line' id='line_1_17' title="bbox 229 1399 1407 1460; baseline -0.002 -16"><span class='ocrx_word' id='word_1_141' title='bbox 229 1399 280 1454; x_wconf 68' lang='grc' dir='ltr'><strong><em>ἅς</em></strong></span> <span class='ocrx_word' id='word_1_142' title='bbox 309 1400 411 1446; x_wconf 71' lang='grc' dir='ltr'><strong><em>οὐδ’</em></strong></span> <span class='ocrx_word' id='word_1_143' title='bbox 435 1401 458 1446; x_wconf 87' lang='grc' dir='ltr'>ὁ</span> <span class='ocrx_word' id='word_1_144' title='bbox 490 1400 778 1459; x_wconf 71' lang='grc' dir='ltr'><strong><em>Μελάμπους,</em></strong></span> <span class='ocrx_word' id='word_1_145' title='bbox 812 1399 856 1454; x_wconf 75' lang='grc' dir='ltr'><strong><em>ὃς</em></strong></span> <span class='ocrx_word' id='word_1_146' title='bbox 886 1401 1022 1460; x_wconf 88' lang='grc' dir='ltr'><strong><em>μόνος</em></strong></span> <span class='ocrx_word' id='word_1_147' title='bbox 1052 1402 1130 1453; x_wconf 87' lang='grc' dir='ltr'><strong><em>τὰς</em></strong></span> <span class='ocrx_word' id='word_1_148' title='bbox 1160 1400 1407 1460; x_wconf 86' lang='grc' dir='ltr'><strong><em>Προιτίδας</em></strong></span> 
     </span>
     <span class='ocr_line' id='line_1_18' title="bbox 227 1486 1156 1544; baseline 0.001 -14"><span class='ocrx_word' id='word_1_149' title='bbox 227 1486 394 1531; x_wconf 80' lang='grc' dir='ltr'><strong><em>ἔπαυσε</em></strong></span> <span class='ocrx_word' id='word_1_150' title='bbox 423 1490 708 1544; x_wconf 82' lang='grc' dir='ltr'><strong><em>μαινομένας,</em></strong></span> <span class='ocrx_word' id='word_1_151' title='bbox 741 1487 1057 1541; x_wconf 76' lang='grc' dir='ltr'><strong><em>καταστήσειεν</em></strong></span> <span class='ocrx_word' id='word_1_152' title='bbox 1087 1486 1156 1532; x_wconf 90' lang='grc' dir='ltr'><strong><em>α’ν.</em></strong></span> 
     </span>
    </p>

    <p class='ocr_par' dir='ltr' id='par_1_4' title="bbox 57 1572 1539 2131">
     <span class='ocr_line' id='line_1_19' title="bbox 172 1572 1538 1631; baseline -0.004 -13"><span class='ocrx_word' id='word_1_153' title='bbox 172 1575 412 1618; x_wconf 80' lang='lat' dir='ltr'><strong>Athenaeus</strong></span> <span class='ocrx_word' id='word_1_154' title='bbox 443 1577 542 1619; x_wconf 85' lang='lat' dir='ltr'><strong><em>vlu</em></strong></span> <span class='ocrx_word' id='word_1_155' title='bbox 580 1592 619 1631; x_wconf 93' lang='lat' dir='ltr'><strong><em>p.</em></strong></span> <span class='ocrx_word' id='word_1_156' title='bbox 649 1579 797 1618; x_wconf 70' lang='lat'><strong>340³·</strong></span> <span class='ocrx_word' id='word_1_157' title='bbox 840 1576 937 1630; x_wconf 78' lang='grc' dir='ltr'><strong><em>περὶ</em></strong></span> <span class='ocrx_word' id='word_1_158' title='bbox 974 1575 1020 1616; x_wconf 76' lang='grc' dir='ltr'><strong><em>δὲ</em></strong></span> <span class='ocrx_word' id='word_1_159' title='bbox 1059 1573 1138 1616; x_wconf 83' lang='grc' dir='ltr'><strong><em>τοῦ</em></strong></span> <span class='ocrx_word' id='word_1_160' title='bbox 1178 1572 1538 1626; x_wconf 60' lang='grc' dir='ltr'><strong><em>Καλῖιμέδοντος</em></strong></span> 
     </span>
     <span class='ocr_line' id='line_1_20' title="bbox 59 1636 1538 1704; baseline -0.001 -19"><span class='ocrx_word' id='word_1_161' title='bbox 59 1642 139 1685; x_wconf 83' lang='grc' dir='ltr'><strong><em>τοῦ</em></strong></span> <span class='ocrx_word' id='word_1_162' title='bbox 170 1641 388 1700; x_wconf 78' lang='grc' dir='ltr'><strong><em>Καράβου</em></strong></span> <span class='ocrx_word' id='word_1_163' title='bbox 417 1638 486 1686; x_wconf 86' lang='grc' dir='ltr'><strong><em>ὁτι</em></strong></span> <span class='ocrx_word' id='word_1_164' title='bbox 524 1674 579 1680; x_wconf 84' lang='grc'>-</span> <span class='ocrx_word' id='word_1_165' title='bbox 621 1636 677 1698; x_wconf 72' lang='grc' dir='ltr'><strong><em>ἦν</em></strong></span> <span class='ocrx_word' id='word_1_166' title='bbox 717 1648 790 1688; x_wconf 87' lang='grc' dir='ltr'><strong><em>καὶ</em></strong></span> <span class='ocrx_word' id='word_1_167' title='bbox 828 1644 1097 1704; x_wconf 74' lang='grc' dir='ltr'><strong><em>διάστροφος</em></strong></span> <span class='ocrx_word' id='word_1_168' title='bbox 1135 1645 1235 1696; x_wconf 83' lang='grc' dir='ltr'><strong><em>τοὺς</em></strong></span> <span class='ocrx_word' id='word_1_169' title='bbox 1265 1643 1538 1702; x_wconf 64' lang='grc' dir='ltr'><strong><em>ὀφθαλμοὺς</em></strong></span> 
     </span>
     <span class='ocr_line' id='line_1_21' title="bbox 58 1710 1539 1774; baseline 0 -18"><span class='ocrx_word' id='word_1_170' title='bbox 58 1741 114 1749; x_wconf 77' lang='lat'>—</span> <span class='ocrx_word' id='word_1_171' title='bbox 144 1710 324 1767; x_wconf 58' lang='lat' dir='ltr'><strong><em>”Aaegcg</em></strong></span> <span class='ocrx_word' id='word_1_172' title='bbox 351 1715 398 1757; x_wconf 81' lang='grc' dir='ltr'><strong><em>ἐν</em></strong></span> <span class='ocrx_word' id='word_1_173' title='bbox 427 1715 636 1774; x_wconf 81' lang='grc' dir='ltr'><strong><em>Κρατεύα</em></strong></span> <span class='ocrx_word' id='word_1_174' title='bbox 667 1713 694 1769; x_wconf 77' lang='grc' dir='ltr'><em>ἡ</em></span> <span class='ocrx_word' id='word_1_175' title='bbox 729 1715 1074 1774; x_wconf 67' lang='grc' dir='ltr'><strong><em>Φαρμακοπώὶῃ</em></strong></span> <span class='ocrx_word' id='word_1_176' title='bbox 1110 1716 1180 1758; x_wconf 82' lang='grc' dir='ltr'><em>Τῶ</em></span> <span class='ocrx_word' id='word_1_177' title='bbox 1211 1715 1539 1774; x_wconf 62' lang='grc' dir='ltr'><strong><em>Καλῖιμὲὂοντι</em></strong></span> 
     </span>
     <span class='ocr_line' id='line_1_22' title="bbox 57 1783 1537 1843; baseline 0.001 -17"><span class='ocrx_word' id='word_1_178' title='bbox 57 1783 150 1829; x_wconf 84' lang='grc' dir='ltr'><strong><em>κτλ.</em></strong></span> <span class='ocrx_word' id='word_1_179' title='bbox 219 1788 326 1829; x_wconf 83' lang='lat' dir='ltr'>Sunt</span> <span class='ocrx_word' id='word_1_180' title='bbox 365 1790 493 1843; x_wconf 81' lang='lat' dir='ltr'>ipsius</span> <span class='ocrx_word' id='word_1_181' title='bbox 536 1791 742 1831; x_wconf 80' lang='lat' dir='ltr'><strong>Crateuae</strong></span> <span class='ocrx_word' id='word_1_182' title='bbox 773 1793 909 1833; x_wconf 83' lang='lat' dir='ltr'><strong>verba.</strong></span> <span class='ocrx_word' id='word_1_183' title='bbox 982 1792 1075 1835; x_wconf 90' lang='lat' dir='ltr'>Vid.</span> <span class='ocrx_word' id='word_1_184' title='bbox 1106 1791 1215 1831; x_wconf 76' lang='lat' dir='ltr'>Hist.</span> <span class='ocrx_word' id='word_1_185' title='bbox 1247 1790 1337 1830; x_wconf 85' lang='lat' dir='ltr'>crit.</span> <span class='ocrx_word' id='word_1_186' title='bbox 1368 1803 1408 1843; x_wconf 86' lang='lat' dir='ltr'><strong><em>p.</em></strong></span> <span class='ocrx_word' id='word_1_187' title='bbox 1439 1788 1537 1829; x_wconf 81' lang='lat'><strong><em>395.</em></strong></span> 
     </span>
     <span class='ocr_line' id='line_1_23' title="bbox 59 1856 1537 1915; baseline 0.002 -18"><span class='ocrx_word' id='word_1_188' title='bbox 59 1857 184 1898; x_wconf 84' lang='lat' dir='ltr'>Ludit</span> <span class='ocrx_word' id='word_1_189' title='bbox 220 1859 262 1899; x_wconf 89' lang='lat' dir='ltr'><strong><em>in</em></strong></span> <span class='ocrx_word' id='word_1_190' title='bbox 301 1861 489 1914; x_wconf 81' lang='lat' dir='ltr'>ambigua</span> <span class='ocrx_word' id='word_1_191' title='bbox 529 1862 830 1915; x_wconf 80' lang='lat' dir='ltr'>significatione</span> <span class='ocrx_word' id='word_1_192' title='bbox 870 1862 982 1902; x_wconf 77' lang='lat' dir='ltr'>vocis</span> <span class='ocrx_word' id='word_1_193' title='bbox 1020 1856 1140 1915; x_wconf 80' lang='grc' dir='ltr'><strong><em>κόρη.</em></strong></span> <span class='ocrx_word' id='word_1_194' title='bbox 1215 1860 1290 1902; x_wconf 82' lang='lat' dir='ltr'><strong><em>Cfr</em></strong></span> <span class='ocrx_word' id='word_1_195' title='bbox 1329 1861 1537 1914; x_wconf 81' lang='lat' dir='ltr'>Diogenes</span> 
     </span>
     <span class='ocr_line' id='line_1_24' title="bbox 59 1925 1536 1991; baseline -0.001 -20"><span class='ocrx_word' id='word_1_196' title='bbox 59 1928 197 1971; x_wconf 79' lang='lat' dir='ltr'><strong>Laert.</strong></span> <span class='ocrx_word' id='word_1_197' title='bbox 229 1931 287 1974; x_wconf 86' lang='lat' dir='ltr'><strong><em>Vl</em></strong></span> <span class='ocrx_word' id='word_1_198' title='bbox 318 1933 396 1971; x_wconf 85' lang='lat'><strong><em>68:</em></strong></span> <span class='ocrx_word' id='word_1_199' title='bbox 428 1928 547 1991; x_wconf 63' lang='lat'><strong><em>71969</em></strong></span> <span class='ocrx_word' id='word_1_200' title='bbox 576 1927 813 1985; x_wconf 81' lang='grc' dir='ltr'><strong><em>Διδύμωνα</em></strong></span> <span class='ocrx_word' id='word_1_201' title='bbox 844 1929 920 1972; x_wconf 84' lang='grc' dir='ltr'><strong><em>τὸν</em></strong></span> <span class='ocrx_word' id='word_1_202' title='bbox 948 1930 1106 1987; x_wconf 79' lang='grc' dir='ltr'><strong><em>μοιχὸν</em></strong></span> <span class='ocrx_word' id='word_1_203' title='bbox 1144 1925 1401 1986; x_wconf 73' lang='grc' dir='ltr'><strong><em>ἰατρείοντά</em></strong></span> <span class='ocrx_word' id='word_1_204' title='bbox 1431 1943 1536 1971; x_wconf 84' lang='grc' dir='ltr'><strong><em>ποτε</em></strong></span> 
     </span>
     <span class='ocr_line' id='line_1_25' title="bbox 60 1994 1538 2058; baseline -0.001 -16"><span class='ocrx_word' id='word_1_205' title='bbox 60 1994 188 2052; x_wconf 80' lang='grc' dir='ltr'><strong><em>κόρης</em></strong></span> <span class='ocrx_word' id='word_1_206' title='bbox 225 1995 496 2056; x_wconf 78' lang='grc' dir='ltr'><strong><em>ὀφθαλμόν,</em></strong></span> <span class='ocrx_word' id='word_1_207' title='bbox 535 1995 709 2058; x_wconf 70' lang='grc' dir='ltr'><strong><em>,,ὁ’ρα”,</em></strong></span> <span class='ocrx_word' id='word_1_208' title='bbox 750 2001 883 2058; x_wconf 62' lang='grc' dir='ltr'><strong><em>φησι,</em></strong></span> <span class='ocrx_word' id='word_1_209' title='bbox 923 2004 1022 2058; x_wconf 82' lang='grc' dir='ltr'><strong><em>,,μὴ</em></strong></span> <span class='ocrx_word' id='word_1_210' title='bbox 1063 2001 1140 2043; x_wconf 89' lang='grc' dir='ltr'><strong><em>τὸν</em></strong></span> <span class='ocrx_word' id='word_1_211' title='bbox 1176 2000 1424 2058; x_wconf 59' lang='grc' dir='ltr'><strong><em>ὀφθαλμὸν</em></strong></span> <span class='ocrx_word' id='word_1_212' title='bbox 1460 2000 1538 2052; x_wconf 86' lang='grc' dir='ltr'><strong><em>τῆς</em></strong></span> 
     </span>
     <span class='ocr_line' id='line_1_26' title="bbox 62 2066 1065 2131; baseline 0.008 -22"><span class='ocrx_word' id='word_1_213' title='bbox 62 2069 290 2125; x_wconf 78' lang='grc' dir='ltr'><strong><em>παρθένου</em></strong></span> <span class='ocrx_word' id='word_1_214' title='bbox 318 2066 530 2128; x_wconf 76' lang='grc' dir='ltr'><strong><em>ἰατρείων</em></strong></span> <span class='ocrx_word' id='word_1_215' title='bbox 558 2071 639 2124; x_wconf 79' lang='grc' dir='ltr'><strong><em>τὴν</em></strong></span> <span class='ocrx_word' id='word_1_216' title='bbox 666 2070 800 2128; x_wconf 77' lang='grc' dir='ltr'><strong><em>κόρην</em></strong></span> <span class='ocrx_word' id='word_1_217' title='bbox 831 2071 1065 2131; x_wconf 70' lang='grc' dir='ltr'><strong><em>φθείρῃς.”</em></strong></span> 
     </span>
    </p>
   </div>
   <div class='ocr_carea' id='block_1_4' title="bbox 66 2162 325 2174">
    <p class='ocr_par' dir='ltr' id='par_1_5' title="bbox 66 2162 325 2174">
     <span class='ocr_line' id='line_1_27' title="bbox 66 2162 325 2174; baseline 0 984"><span class='ocrx_word' id='word_1_218' title='bbox 66 2162 325 2174; x_wconf 95' lang='lat' dir='ltr'><strong><em> </em></strong></span> 
     </span>
    </p>
   </div>
   <div class='ocr_carea' id='block_1_5' title="bbox 61 2216 1537 2811">
    <p class='ocr_par' dir='ltr' id='par_1_6' title="bbox 61 2216 1537 2811">
     <span class='ocr_line' id='line_1_28' title="bbox 175 2216 1536 2268; baseline 0.003 -17"><span class='ocrx_word' id='word_1_219' title='bbox 175 2216 211 2261; x_wconf 77' lang='grc'><strong><em>*)</em></strong></span> <span class='ocrx_word' id='word_1_220' title='bbox 236 2218 365 2252; x_wconf 80' lang='lat' dir='ltr'>Moeris</span> <span class='ocrx_word' id='word_1_221' title='bbox 390 2230 423 2264; x_wconf 81' lang='lat' dir='ltr'><strong><em>p.</em></strong></span> <span class='ocrx_word' id='word_1_222' title='bbox 449 2220 536 2255; x_wconf 77' lang='lat'>325:</span> <span class='ocrx_word' id='word_1_223' title='bbox 575 2219 748 2256; x_wconf 79' lang='grc' dir='ltr'><strong><em>Πελιτνὸν</em></strong></span> <span class='ocrx_word' id='word_1_224' title='bbox 783 2226 818 2257; x_wconf 71' lang='grc' dir='ltr'><strong><em>ἐν</em></strong></span> <span class='ocrx_word' id='word_1_225' title='bbox 851 2219 899 2268; x_wconf 70' lang='grc' dir='ltr'><strong><em>τῷ</em></strong></span> <span class='ocrx_word' id='word_1_226' title='bbox 933 2238 952 2257; x_wconf 88' lang='grc' dir='ltr'><strong><em>τ</em></strong></span> <span class='ocrx_word' id='word_1_227' title='bbox 978 2218 1133 2262; x_wconf 79' lang='grc' dir='ltr'><strong><em>ἇττικῶς.</em></strong></span> <span class='ocrx_word' id='word_1_228' title='bbox 1181 2222 1345 2259; x_wconf 74' lang='grc' dir='ltr'><strong><em>πελιδνὸν</em></strong></span> <span class='ocrx_word' id='word_1_229' title='bbox 1371 2220 1395 2265; x_wconf 78' lang='grc' dir='ltr'><strong><em>ἦ</em></strong></span> <span class='ocrx_word' id='word_1_230' title='bbox 1419 2222 1536 2255; x_wconf 58' lang='lat' dir='ltr'><strong><em>nacor</em></strong></span> 
     </span>
     <span class='ocr_line' id='line_1_29' title="bbox 63 2276 1537 2328; baseline 0.003 -18"><span class='ocrx_word' id='word_1_231' title='bbox 63 2276 254 2319; x_wconf 67' lang='grc' dir='ltr'><strong><em>ἑλληνικῶς.</em></strong></span> <span class='ocrx_word' id='word_1_232' title='bbox 301 2280 428 2318; x_wconf 74' lang='grc' dir='ltr'><strong><em>Πέλιος</em></strong></span> <span class='ocrx_word' id='word_1_233' title='bbox 452 2281 524 2315; x_wconf 81' lang='lat' dir='ltr'>sive</span> <span class='ocrx_word' id='word_1_234' title='bbox 547 2283 662 2327; x_wconf 82' lang='lat' dir='ltr'>potius</span> <span class='ocrx_word' id='word_1_235' title='bbox 686 2281 804 2322; x_wconf 77' lang='grc' dir='ltr'><strong><em>πελιὸς</em></strong></span> <span class='ocrx_word' id='word_1_236' title='bbox 829 2284 970 2327; x_wconf 79' lang='lat' dir='ltr'>(Arcad.</span> <span class='ocrx_word' id='word_1_237' title='bbox 995 2284 1096 2328; x_wconf 75' lang='lat' dir='ltr'><strong>p.41‚</strong></span> <span class='ocrx_word' id='word_1_238' title='bbox 1112 2284 1149 2327; x_wconf 82' lang='lat'><strong><em>3)</em></strong></span> <span class='ocrx_word' id='word_1_239' title='bbox 1175 2284 1290 2318; x_wconf 82' lang='lat' dir='ltr'>reiicit</span> <span class='ocrx_word' id='word_1_240' title='bbox 1316 2282 1420 2316; x_wconf 69' lang='lat' dir='ltr'>enam</span> <span class='ocrx_word' id='word_1_241' title='bbox 1444 2282 1537 2315; x_wconf 77' lang='lat' dir='ltr'>Ero—</span> 
     </span>
     <span class='ocr_line' id='line_1_30' title="bbox 61 2335 1536 2387; baseline 0.003 -17"><span class='ocrx_word' id='word_1_242' title='bbox 61 2335 174 2371; x_wconf 83' lang='lat' dir='ltr'>tianus</span> <span class='ocrx_word' id='word_1_243' title='bbox 197 2338 283 2371; x_wconf 82' lang='lat' dir='ltr'><strong>Lex.</strong></span> <span class='ocrx_word' id='word_1_244' title='bbox 305 2339 471 2383; x_wconf 83' lang='lat' dir='ltr'>Hippocr.</span> <span class='ocrx_word' id='word_1_245' title='bbox 496 2354 529 2387; x_wconf 90' lang='lat' dir='ltr'><strong><em>p.</em></strong></span> <span class='ocrx_word' id='word_1_246' title='bbox 554 2343 633 2378; x_wconf 82' lang='lat'><strong>360.</strong></span> <span class='ocrx_word' id='word_1_247' title='bbox 667 2345 767 2378; x_wconf 91' lang='lat' dir='ltr'>cuius</span> <span class='ocrx_word' id='word_1_248' title='bbox 801 2345 844 2378; x_wconf 87' lang='lat' dir='ltr'><strong><em>de</em></strong></span> <span class='ocrx_word' id='word_1_249' title='bbox 878 2346 954 2378; x_wconf 88' lang='lat' dir='ltr'>loco</span> <span class='ocrx_word' id='word_1_250' title='bbox 990 2345 1078 2378; x_wconf 84' lang='lat' dir='ltr'>dixit</span> <span class='ocrx_word' id='word_1_251' title='bbox 1111 2343 1397 2378; x_wconf 81' lang='lat' dir='ltr'>Schneidewinus</span> <span class='ocrx_word' id='word_1_252' title='bbox 1430 2342 1536 2375; x_wconf 83' lang='lat' dir='ltr'>Coni.</span> 
     </span>
     <span class='ocr_line' id='line_1_31' title="bbox 63 2395 1536 2449; baseline 0.004 -20"><span class='ocrx_word' id='word_1_253' title='bbox 63 2395 138 2430; x_wconf 75' lang='lat' dir='ltr'>crit.</span> <span class='ocrx_word' id='word_1_254' title='bbox 154 2408 186 2441; x_wconf 90' lang='lat' dir='ltr'><strong><em>p.</em></strong></span> <span class='ocrx_word' id='word_1_255' title='bbox 200 2396 258 2433; x_wconf 81' lang='lat'><strong><em>99.</em></strong></span> <span class='ocrx_word' id='word_1_256' title='bbox 284 2399 417 2444; x_wconf 77' lang='lat' dir='ltr'><strong>Inepte,</strong></span> <span class='ocrx_word' id='word_1_257' title='bbox 442 2406 481 2435; x_wconf 87' lang='lat' dir='ltr'><strong><em>ut</em></strong></span> <span class='ocrx_word' id='word_1_258' title='bbox 504 2403 587 2436; x_wconf 82' lang='lat' dir='ltr'>mihi</span> <span class='ocrx_word' id='word_1_259' title='bbox 616 2405 758 2448; x_wconf 83' lang='lat' dir='ltr'>quidem</span> <span class='ocrx_word' id='word_1_260' title='bbox 784 2405 932 2446; x_wconf 79' lang='lat' dir='ltr'>videtur,</span> <span class='ocrx_word' id='word_1_261' title='bbox 956 2406 1046 2449; x_wconf 83' lang='lat' dir='ltr'><strong><em>apud</em></strong></span> <span class='ocrx_word' id='word_1_262' title='bbox 1065 2405 1275 2439; x_wconf 82' lang='lat' dir='ltr'>Phoenicem</span> <span class='ocrx_word' id='word_1_263' title='bbox 1287 2403 1458 2437; x_wconf 77' lang='lat' dir='ltr'>Athenaei</span> <span class='ocrx_word' id='word_1_264' title='bbox 1471 2404 1536 2436; x_wconf 84' lang='grc' dir='ltr'><strong><em>ΧΠ</em></strong></span> 
     </span>
     <span class='ocr_line' id='line_1_32' title="bbox 64 2456 1536 2510; baseline 0.005 -20"><span class='ocrx_word' id='word_1_265' title='bbox 64 2466 98 2499; x_wconf 83' lang='lat' dir='ltr'><strong><em>p.</em></strong></span> <span class='ocrx_word' id='word_1_266' title='bbox 110 2456 179 2490; x_wconf 73' lang='lat'><strong><em>581</em></strong></span> <span class='ocrx_word' id='word_1_267' title='bbox 195 2458 340 2500; x_wconf 72' lang='lat' dir='ltr'>legitur:</span> <span class='ocrx_word' id='word_1_268' title='bbox 366 2461 496 2501; x_wconf 81' lang='grc' dir='ltr'><strong><em>σποδός</em></strong></span> <span class='ocrx_word' id='word_1_269' title='bbox 506 2475 542 2496; x_wconf 79' lang='grc' dir='ltr'><strong><em>τε</em></strong></span> <span class='ocrx_word' id='word_1_270' title='bbox 555 2463 664 2507; x_wconf 74' lang='grc' dir='ltr'><strong><em>πολλὴ</em></strong></span> <span class='ocrx_word' id='word_1_271' title='bbox 678 2463 725 2506; x_wconf 79' lang='grc' dir='ltr'>χῶ</span> <span class='ocrx_word' id='word_1_272' title='bbox 738 2462 960 2510; x_wconf 81' lang='grc' dir='ltr'><strong><em>μιτρηφόρος</em></strong></span> <span class='ocrx_word' id='word_1_273' title='bbox 984 2470 1116 2510; x_wconf 76' lang='grc' dir='ltr'><strong><em>κεῖμαι,</em></strong></span> <span class='ocrx_word' id='word_1_274' title='bbox 1143 2477 1204 2509; x_wconf 81' lang='lat' dir='ltr'><strong><em>pro</em></strong></span> <span class='ocrx_word' id='word_1_275' title='bbox 1229 2475 1298 2510; x_wconf 88' lang='lat' dir='ltr'><strong><em>quo</em></strong></span> <span class='ocrx_word' id='word_1_276' title='bbox 1324 2464 1536 2499; x_wconf 82' lang='lat' dir='ltr'>contrarium</span> 
     </span>
     <span class='ocr_line' id='line_1_33' title="bbox 65 2515 1535 2570; baseline 0.006 -20"><span class='ocrx_word' id='word_1_277' title='bbox 65 2515 178 2559; x_wconf 71' lang='lat' dir='ltr'>potins</span> <span class='ocrx_word' id='word_1_278' title='bbox 210 2524 383 2562; x_wconf 74' lang='lat' dir='ltr'><strong>expectes.</strong></span> <span class='ocrx_word' id='word_1_279' title='bbox 440 2522 495 2556; x_wconf 86' lang='lat' dir='ltr'><strong><em>En</em></strong></span> <span class='ocrx_word' id='word_1_280' title='bbox 529 2533 605 2558; x_wconf 83' lang='lat' dir='ltr'><strong><em>sum</em></strong></span> <span class='ocrx_word' id='word_1_281' title='bbox 630 2525 722 2568; x_wconf 85' lang='lat' dir='ltr'>quod</span> <span class='ocrx_word' id='word_1_282' title='bbox 746 2525 866 2567; x_wconf 79' lang='lat' dir='ltr'>digitis</span> <span class='ocrx_word' id='word_1_283' title='bbox 892 2527 1047 2570; x_wconf 88' lang='lat' dir='ltr'>quinque</span> <span class='ocrx_word' id='word_1_284' title='bbox 1080 2528 1216 2560; x_wconf 85' lang='lat' dir='ltr'><strong>levetur</strong></span> <span class='ocrx_word' id='word_1_285' title='bbox 1250 2522 1356 2559; x_wconf 78' lang='lat' dir='ltr'>onus!</span> <span class='ocrx_word' id='word_1_286' title='bbox 1405 2526 1451 2558; x_wconf 85' lang='lat' dir='ltr'><strong><em>Et</em></strong></span> <span class='ocrx_word' id='word_1_287' title='bbox 1483 2525 1535 2559; x_wconf 88' lang='lat' dir='ltr'><strong><em>sic</em></strong></span> 
     </span>
     <span class='ocr_line' id='line_1_34' title="bbox 66 2572 1531 2632; baseline 0.01 -27"><span class='ocrx_word' id='word_1_288' title='bbox 66 2572 252 2611; x_wconf 79' lang='lat' dir='ltr'>innumeris</span> <span class='ocrx_word' id='word_1_289' title='bbox 275 2580 370 2614; x_wconf 79' lang='lat' dir='ltr'>locis.</span> <span class='ocrx_word' id='word_1_290' title='bbox 419 2582 647 2617; x_wconf 80' lang='lat' dir='ltr'>scribendum</span> <span class='ocrx_word' id='word_1_291' title='bbox 671 2585 806 2620; x_wconf 85' lang='lat' dir='ltr'>videtur</span> <span class='ocrx_word' id='word_1_292' title='bbox 835 2583 950 2629; x_wconf 79' lang='grc' dir='ltr'><strong><em>πελιή,</em></strong></span> <span class='ocrx_word' id='word_1_293' title='bbox 975 2586 1048 2621; x_wconf 83' lang='lat' dir='ltr'>sive</span> <span class='ocrx_word' id='word_1_294' title='bbox 1071 2587 1192 2632; x_wconf 79' lang='lat' dir='ltr'>potius</span> <span class='ocrx_word' id='word_1_295' title='bbox 1215 2582 1332 2628; x_wconf 81' lang='grc' dir='ltr'><strong><em>πελλή.</em></strong></span> <span class='ocrx_word' id='word_1_296' title='bbox 1379 2586 1419 2617; x_wconf 91' lang='lat' dir='ltr'><strong><em>In</em></strong></span> <span class='ocrx_word' id='word_1_297' title='bbox 1448 2596 1531 2619; x_wconf 82' lang='lat' dir='ltr'>car-</span> 
     </span>
     <span class='ocr_line' id='line_1_35' title="bbox 67 2633 1535 2689; baseline 0.009 -24"><span class='ocrx_word' id='word_1_298' title='bbox 67 2633 159 2667; x_wconf 83' lang='lat' dir='ltr'>mine</span> <span class='ocrx_word' id='word_1_299' title='bbox 182 2635 366 2673; x_wconf 86' lang='lat' dir='ltr'>Simonidis</span> <span class='ocrx_word' id='word_1_300' title='bbox 388 2641 570 2685; x_wconf 81' lang='lat' dir='ltr'>Amorgini</span> <span class='ocrx_word' id='word_1_301' title='bbox 593 2645 636 2678; x_wconf 88' lang='lat' dir='ltr'><strong><em>de</em></strong></span> <span class='ocrx_word' id='word_1_302' title='bbox 661 2645 863 2679; x_wconf 88' lang='lat' dir='ltr'>mulieribus</span> <span class='ocrx_word' id='word_1_303' title='bbox 888 2657 937 2680; x_wconf 78' lang='lat' dir='ltr'><strong><em>vs.</em></strong></span> <span class='ocrx_word' id='word_1_304' title='bbox 961 2646 1007 2680; x_wconf 80' lang='lat'><strong><em>43</em></strong></span> <span class='ocrx_word' id='word_1_305' title='bbox 1032 2643 1096 2689; x_wconf 74' lang='grc' dir='ltr'><strong><em>τήν</em></strong></span> <span class='ocrx_word' id='word_1_306' title='bbox 1122 2644 1160 2680; x_wconf 74' lang='grc' dir='ltr'><strong><em>δ’</em></strong></span> <span class='ocrx_word' id='word_1_307' title='bbox 1188 2649 1223 2681; x_wconf 74' lang='lat' dir='ltr'>i&#39;x</span> <span class='ocrx_word' id='word_1_308' title='bbox 1246 2659 1283 2679; x_wconf 74' lang='grc' dir='ltr'><strong><em>τε</em></strong></span> <span class='ocrx_word' id='word_1_309' title='bbox 1308 2646 1454 2688; x_wconf 80' lang='grc' dir='ltr'><strong><em>σποδιῆς</em></strong></span> <span class='ocrx_word' id='word_1_310' title='bbox 1478 2646 1535 2678; x_wconf 77' lang='grc' dir='ltr'><strong><em>καὶ</em></strong></span> 
     </span>
     <span class='ocr_line' id='line_1_36' title="bbox 67 2694 1535 2751; baseline -0.001 -12"><span class='ocrx_word' id='word_1_311' title='bbox 67 2696 304 2739; x_wconf 56' lang='grc' dir='ltr'><strong><em>παλῑηρῑβίθς</em></strong></span> <span class='ocrx_word' id='word_1_312' title='bbox 327 2694 422 2742; x_wconf 62' lang='grc' dir='ltr'><strong><em>ὄνου,</em></strong></span> <span class='ocrx_word' id='word_1_313' title='bbox 446 2704 571 2736; x_wconf 84' lang='lat' dir='ltr'>nollem</span> <span class='ocrx_word' id='word_1_314' title='bbox 595 2704 882 2740; x_wconf 78' lang='lat' dir='ltr'>Schneidewinus</span> <span class='ocrx_word' id='word_1_315' title='bbox 906 2706 1041 2740; x_wconf 73' lang='lat' dir='ltr'><strong>Delect.</strong></span> <span class='ocrx_word' id='word_1_316' title='bbox 1066 2710 1159 2750; x_wconf 85' lang='lat' dir='ltr'><strong>poet.</strong></span> <span class='ocrx_word' id='word_1_317' title='bbox 1183 2718 1217 2751; x_wconf 91' lang='lat' dir='ltr'><strong><em>p.</em></strong></span> <span class='ocrx_word' id='word_1_318' title='bbox 1242 2707 1308 2740; x_wconf 89' lang='grc'><strong><em>201</em></strong></span> <span class='ocrx_word' id='word_1_319' title='bbox 1346 2710 1466 2740; x_wconf 87' lang='lat' dir='ltr'>contra</span> <span class='ocrx_word' id='word_1_320' title='bbox 1490 2705 1535 2738; x_wconf 85' lang='lat' dir='ltr'><strong><em>li-</em></strong></span> 
     </span>
     <span class='ocr_line' id='line_1_37' title="bbox 65 2755 1503 2811; baseline 0.006 -22"><span class='ocrx_word' id='word_1_321' title='bbox 65 2755 204 2790; x_wconf 79' lang='lat' dir='ltr'>brorum</span> <span class='ocrx_word' id='word_1_322' title='bbox 227 2757 330 2793; x_wconf 79' lang='lat' dir='ltr'>fidem</span> <span class='ocrx_word' id='word_1_323' title='bbox 351 2759 515 2797; x_wconf 73' lang='lat' dir='ltr'>edidisset</span> <span class='ocrx_word' id='word_1_324' title='bbox 539 2765 685 2809; x_wconf 72' lang='grc' dir='ltr'><strong><em>σποδιῆς</em></strong></span> <span class='ocrx_word' id='word_1_325' title='bbox 707 2779 754 2801; x_wconf 83' lang='grc' dir='ltr'><strong><em>τε.</em></strong></span> <span class='ocrx_word' id='word_1_326' title='bbox 801 2767 1033 2801; x_wconf 88' lang='lat' dir='ltr'>Scribendum</span> <span class='ocrx_word' id='word_1_327' title='bbox 1058 2771 1118 2801; x_wconf 80' lang='lat' dir='ltr'><strong><em>aut</em></strong></span> <span class='ocrx_word' id='word_1_328' title='bbox 1142 2768 1261 2811; x_wconf 75' lang='grc' dir='ltr'><strong><em>πελιῆς</em></strong></span> <span class='ocrx_word' id='word_1_329' title='bbox 1283 2770 1342 2800; x_wconf 85' lang='lat' dir='ltr'><strong><em>aut</em></strong></span> <span class='ocrx_word' id='word_1_330' title='bbox 1366 2767 1503 2808; x_wconf 81' lang='grc' dir='ltr'><strong><em>πολιῆς.</em></strong></span> 
     </span>
    </p>
   </div>
  </div>
 </body>
</html>
