1656 3146
574 145 908 190 lenonum.

0 279 176 321 namque
204 278 280 308 eae
309 264 408 306 dum
436 264 609 304 vernant
636 261 754 302 annis
783 261 826 302 in
856 257 1118 311 iuvenilibus,

0 340 167 394 lepores
197 340 419 378 vescuntur
444 338 568 387 atque
598 332 851 386 montivagas
877 344 980 374 oves

0 410 178 452 sublime
206 413 344 461 raptas
373 406 526 458 impetu
556 403 798 444 violentiam

1 485 44 521 at
74 479 144 520 nbi
174 483 338 519 senecta
365 476 526 516 attritus
556 474 712 514 interiit
742 473 873 526 vigor,

4 550 142 592 esurie
171 552 310 589 tentae
339 546 537 599 templum
566 544 750 584 insidunt
784 543 991 583 vertices:

6 620 118 673 quod
147 619 301 672 spectio
333 616 538 670 auguralis
568 619 804 669 portentum
834 617 968 655 vocat.

3 692 96 731 iure
123 689 250 742 igitur
278 700 437 729 summo
469 687 596 727 Laida
625 690 863 740 portentum
895 687 1032 738 putes,

3 771 109 811 quae
138 770 230 798 cum
258 758 429 798 floreret
457 758 652 798 membris
681 754 1054 810 praeviridantibus

4 828 234 869 ferociebat
261 828 386 868 nimia
415 828 575 881 argenti
605 829 744 882 copia:

4 898 172 941 vidisses
200 898 333 951 ipsum
365 898 673 938 Pharnabazum
703 898 880 938 facilius.

5 973 47 1012 at
74 972 289 1024 postquam
318 973 501 1009 extrema
531 969 677 1009 aetatis
707 966 912 1008 curricula
942 965 1092 1020 attigit,

6 1044 49 1082 et
75 1052 123 1081 se
149 1038 320 1079 resolvit
350 1039 538 1091 corporis
568 1038 811 1091 compactio,

6 1110 128 1153 facile
157 1109 269 1150 illam
299 1109 470 1161 aspicias
500 1112 623 1162 atque
653 1112 860 1162 aspectam
891 1106 1085 1160 despuas.

0 1177 149 1236 'quovis
179 1182 363 1222 locorum
393 1179 444 1219 ad
474 1180 790 1232 compotandum
821 1178 1016 1219 cursitatt

7 1266 86 1294 nec
111 1254 192 1293 iam
223 1254 417 1292 staterem
447 1250 620 1303 despicit
649 1264 726 1291 nec
757 1249 1001 1290 triobolum:

1 1322 222 1369 §iuvenibus
252 1334 333 1362 non
363 1325 550 1361 excusat:
580 1322 755 1362 admittit
785 1334 932 1363 senes:

1 1397 133 1446 mque
160 1392 262 1432 adeo
291 1403 482 1432 mansues
510 1391 621 1433 facta
651 1399 729 1444 est,
758 1406 783 1434 o
815 1391 1041 1440 carissime,

2 1467 225 1518 :argentum
253 1467 298 1503 ut
324 1462 414 1516 ipsa
442 1463 576 1517 capiat
604 1477 628 1504 e
658 1465 827 1505 dextrae
854 1463 963 1504 vola.

438 1628 1048 1674 ΔΥΣΠΡΑΤΟΣ.

15 1718 124 1772 Quid
151 1717 260 1759 enim
286 1717 472 1760 miserius
501 1732 622 1772 quam
652 1720 763 1759 inter
791 1717 1017 1772 potandum
1046 1727 1183 1770 „puer

4 1789 143 1845 gpuer”
170 1789 380 1831 inclamari
408 1790 457 1830 ab
487 1790 662 1831 imberbi
692 1789 1019 1844 adolescentulo,

4 1856 287 1913 imatulamque
315 1859 428 1901 ferre
457 1864 498 1901 et
527 1862 682 1902 circum
712 1862 899 1915 aspicere
927 1858 1106 1902 iacentia

5 1932 171 1980 {semen
199 1930 280 1971 liba
309 1936 351 1971 et
378 1931 626 1973 avicularum
657 1935 865 1987 corpora?

6 1993 188 2054 {namque
214 2001 287 2042 has
316 2001 508 2054 reliquias
538 2016 659 2044 servo
690 2005 880 2057 tetigisse
911 2007 974 2043 est
1004 1998 1139 2047 nefas,

7 2074 65 2132 {ut
90 2072 278 2113 mulieres
308 2072 489 2114 edicunt.
549 2074 619 2126 qui
650 2075 818 2114 calicem
850 2073 968 2121 bibit,

8 2146 160 2197 {venter
186 2148 372 2185 vocatur:
403 2145 472 2196 qui
502 2144 601 2197 quid
627 2145 796 2186 illorum
827 2144 975 2199 ederit,

8 2210 153 2282 {aufert
178 2214 309 2269 gulosi
338 2227 502 2257 nomen.

519 2385 563 2426 X
627 2381 662 2424 Ο
722 2383 764 2423 P
822 2381 858 2424 Ο
916 2380 970 2426 Σ.

0 2466 231 2510 “Postremo
262 2470 426 2511 advenit
455 2471 549 2511 lena
580 2470 849 2519 detestabilis,

11 2537 128 2590 'quae
154 2552 226 2593 per
255 2541 420 2590 Dianae,
457 2541 645 2591 Liberae,
680 2540 953 2594 Proserpinae

0 2607 178 2651 sinubat
204 2624 370 2661 numen,
400 2611 603 2665 integram
633 2626 725 2654 esse
756 2618 798 2653 et
828 2611 1030 2664 virginem

12 2683 70 2747 *nt
96 2681 282 2734 equulam
310 2682 562 2734 indomitam,
592 2695 684 2725 cum
716 2695 839 2724 cavus
871 2684 981 2722 esset
1011 2679 1202 2722 murium.
