1702 3158
216 196 299 237 224
833 194 1041 236 EUBULI

326 306 560 347 Athenaeus
597 305 673 347 Vl!
709 318 749 356 p.
778 303 923 344 30012:
965 296 1033 343 ὅτι
1076 299 1124 342 δ’
1160 297 1328 351 ἤσθιον
1367 297 1443 349 τὰς
1485 299 1661 354 ἐγχέλεις
1698 299 1701 302 ’

215 373 288 413 καὶ
323 371 431 426 μετὰ
481 372 664 413 τεύτλων
701 368 992 421 ἐντυλίξαντες
1030 367 1143 411 πολὺ
1179 369 1259 423 μέν
1294 368 1384 409 ἐστι
1431 369 1505 409 καὶ
1542 368 1660 425 παρὰ

214 444 303 489 τοῖς
334 439 526 495 ἀρχαίοις
554 440 764 491 κωμικοῖς,
794 438 868 478 καὶ
890 435 1120 491 -Εὕβουλος
1148 438 1195 479 δέ
1224 451 1361 493 φησιν
1388 437 1434 478 ἐν
1461 436 1587 492 Ἠχοῖ
1605 465 1659 473 --

213 509 287 549 καὶ
315 508 361 548 ἐν
396 507 518 549 Ἴωνι
549 505 677 548 Μετὰ
705 506 843 547 ταῦτα
871 506 960 549 κτλ.
1028 509 1140 557 Idem
1169 509 1249 550 Vll
1277 522 1317 560 p.
1347 508 1494 548 302d:
1536 505 1658 547 ἐπαι-

212 579 346 617 νεῖται
387 578 431 617 δὲ
470 576 546 616 τοῦ
586 571 742 629 ἰχθύος
782 572 937 617 τούτου
966 576 1020 615 τὰ
1048 572 1340 629 ὑπογάστρια,
1384 572 1440 623 ὥς
1469 575 1542 616 καὶ
1572 572 1658 616 Εὔ-

211 643 366 697 βουλός
395 658 531 699 φησιν
559 643 604 684 ἐν
625 641 748 684 Ἴωνι
778 643 905 685 Μετὰ
935 644 1073 685 ταῦτα
1103 670 1157 677 -
1186 641 1342 686 ὀπτῶν.
1402 646 1472 686 νε.
1504 647 1527 685 l
1559 646 1651 686 loco
1690 686 1696 688 λ

210 717 345 768 priore
375 728 448 767 pro
478 713 715 754 ἐπεισέπλει
743 715 836 754 libri
865 710 935 754 ἐπί
964 727 1010 754 σε
1041 712 1158 765 πλεῖ,
1190 715 1306 769 (μιοιὶΔ
1328 727 1376 754 ex
1402 715 1532 754 attero
1561 715 1652 755 loco

210 790 438 823 correctum
469 789 544 823 est.
583 809 635 815 —-
675 784 744 824 Vs.
775 785 801 822 2
831 778 1156 836 λιμνοσώματοι
1185 785 1385 837 explicant
1415 778 1652 834 λιμνώδεις,

207 853 388 903 Requiro
428 845 743 903 λιχνοσώματοι
781 852 826 891 h,
854 865 890 891 e.
933 865 1036 903 quae
1076 849 1221 906 λίχνον
1261 850 1387 901 σῶμα
1430 852 1654 892 delicatam

207 934 372 960 carnem
400 921 561 959 habent.
621 920 728 959 Huic
757 920 887 960 simile
918 927 980 960 est
1007 923 1115 973 quod
1145 922 1363 974 Antiphani
1394 935 1431 972 p.
1450 922 1504 960 26
1534 921 1652 960 resti-

204 989 264 1028 tui
293 984 545 1040 τροφάλιδες
574 982 857 1042 λιχνόσαρκοι.
924 985 1090 1042 Λίχνην
1117 987 1283 1039 ἐδωδὴν
1312 990 1411 1030 dixit
1441 990 1651 1042 Oppianus

204 1058 299 1097 Hal.
330 1057 388 1097 ΙΙΙ
418 1057 512 1095 446.

887 1125 961 1165 111.

371 1199 493 1246 Οὕτω
521 1201 684 1261 σᾳόδρῗ
715 1203 807 1244 ἐστὶ
837 1202 936 1254 τούς
967 1201 1151 1259 τρόπους
1180 1202 1404 1257 Βοιώτιος,

364 1282 471 1329 ὥστ’
502 1285 601 1329 οὐδὲ
633 1286 827 1340 δειπνῶν,
859 1284 917 1336 ὠς
945 1285 1135 1342 λέγουσ’,
1164 1286 1479 1343 ἐμπίμπλαται.

310 1401 544 1441 Athenaeus
573 1402 608 1441 X
640 1416 678 1454 p.
711 1402 792 1441 417
809 1414 844 1441 c.
886 1402 936 1440 de
977 1402 1224 1440 Boeotorum
1263 1402 1482 1441 voracitate
1520 1401 1644 1441 comi-

199 1480 337 1509 corum
378 1471 561 1522 exempia
601 1471 804 1510 afferens:
842 1469 916 1509 καὶ
951 1467 997 1507 ἐν
1027 1464 1149 1507 Ἴωνι
1193 1461 1313 1508 Οὕτω
1356 1463 1518 1523 σφόδρ’
1550 1466 1644 1508 ἐστὶ

196 1536 286 1578 κτλ.
343 1540 413 1579 Vs.
445 1540 466 1577 1
509 1533 734 1584 Βοιώτιος.
794 1540 825 1578 Β
855 1532 1075 1577 Βοιώτιοι.
1134 1563 1186 1570 —-
1243 1539 1314 1579 Vs.
1343 1541 1369 1578 2
1412 1531 1525 1577 ὥστ’
1558 1539 1641 1579 BG.

195 1601 254 1652 ὦς
284 1607 402 1647 PVL.
435 1604 619 1645 δειπνῶν
647 1608 820 1647 Casaub.
851 1621 924 1659 pro
951 1601 1148 1647 δείπνων.
1203 1607 1311 1647 Tum
1341 1601 1642 1660 ἐμπίμπλαται

196 1688 270 1726 pro
299 1671 567 1728 ἐμπίπλαται
598 1675 842 1716 Dindorfius.

535 1901 1300 1946 ΚΑΛΑΘΗΦΟΡΟΙ.

302 2027 540 2067 Ammonius
571 2026 714 2067 Differ.
744 2027 856 2066 verb.
887 2040 925 2078 p.
955 2026 1035 2065 50:
1066 2021 1149 2064 ἔσω
1178 2051 1230 2058 -
1261 2021 1359 2064 ἀντὶ
1390 2023 1466 2065 τοῦ
1495 2022 1633 2069 ἔνδον.

189 2090 410 2144 Εὔβουλος
440 2090 462 2133 ὁ
493 2093 569 2143 τῆς
596 2094 730 2147 μέσης
753 2091 978 2149 κωμῳδίας
1007 2092 1189 2142 ποιητής
1217 2092 1262 2132 ἐν
1278 2091 1634 2149 Καλαθηᾳόροις

177 2154 358 2210 ’Ὅπως
396 2162 452 2202 δὲ
493 2158 762 2204 ancone&
793 2157 875 2202 ὅτε
905 2176 984 2209 τις
1013 2163 1176 2216 γέρων
1211 2159 1338 2212 ἔσω,
1371 2161 1470 2203 δέον
1498 2160 1632 2204 εἰπεῖν

182 2227 321 2272 ἔνδον.
378 2234 557 2284 Etymoi.
589 2234 694 2273 Gud.
725 2247 763 2285 p.
785 2234 863 2272 186
891 2233 947 2272 50
976 2233 1060 2272 sive
1089 2233 1196 2285 apud
1227 2234 1481 2274 Huschkium
1512 2234 1628 2275 Annl.

182 2302 269 2340 crit.
301 2315 339 2353 p.
370 2302 451 2340 257
489 2302 613 2341 habet
661 2294 777 2348 ὅπως
807 2299 851 2339 δὲ
881 2296 1152 2340 όπεύσεσθαι
1181 2293 1249 2340 ὅτι
1277 2314 1340 2348 τις
1368 2301 1500 2355 γέρων
1530 2298 1627 2342 ἔσω.

180 2369 288 2409 Hinc
332 2370 551 2422 legendum
597 2371 758 2410 videtur
798 2363 940 2416 ὅπως
985 2365 1034 2407 δ’
1067 2365 1359 2410 &mbo-wir
1398 2369 1503 2410 εἴτε
1546 2368 1629 2417 τὶς

179 2437 351 2490 γέρων
381 2435 500 2488 ἔσω,
531 2441 565 2479 εἰ
596 2445 801 2479 constaret
831 2440 883 2478 de
913 2451 987 2478 usu
1018 2440 1131 2478 verbi
1161 2436 1413 2478 ὀπείίσθαι.
1470 2439 1626 2479 Dubiae

179 2508 284 2546 enim
317 2509 414 2547 fidei
443 2513 536 2548 sunt
565 2509 764 2560 Hesychii
793 2509 964 2559 glossae,
1003 2501 1199 2546 Ὀπεύειε
1239 2507 1494 2559 περισκοπεῖ,
1525 2505 1625 2558 βλέ-

178 2588 258 2614 πει.
314 2571 611 2624 Ὀπήσασθαι
652 2578 758 2629 (leg.
791 2571 1106 2627 ὀπεύσασθαι)
1150 2574 1388 2627 θεωρῆσαι.
1447 2578 1570 2616 Certe
1599 2590 1622 2617 a

176 2644 421 2684 comicorum
469 2659 544 2685 usu
589 2647 668 2685 hae
713 2647 872 2684 formae
918 2646 1072 2684 alienae
1119 2649 1223 2683 sunt.
1302 2645 1442 2695 ltaque
1488 2645 1622 2686 malim

174 2704 314 2759 ὅπως
344 2709 398 2751 δὲ
428 2709 723 2754 πεύσεσθ’.
782 2715 974 2753 Ceterum
1002 2712 1107 2764 fugit
1137 2713 1203 2753 hic
1231 2713 1345 2754 locus
1374 2714 1619 2767 diligentiam
