1702 3158
228 195 310 234 178
752 186 1164 228 ANAXANDmmS

231 305 361 342 metro
391 299 531 351 scripti
564 299 705 337 essent
733 296 833 334 vidit
872 296 1078 335 Personus
1104 297 1207 346 App.
1246 295 1296 334 ad
1325 295 1473 347 Toupii
1506 297 1673 337 Emend.

234 384 273 422 p.
299 370 398 409 499.
470 369 538 408 Vs.
568 368 594 406 Β
638 361 712 403 ἐὰν
742 365 823 403 BP.
884 364 983 403 ibid.
1015 364 1064 402 ad
1103 362 1217 415 ἱερὸν
1246 357 1384 414 γάμον
1414 365 1674 404 Casaubonus

232 437 436 479 annotavit
477 434 617 486 „quasi
650 434 758 472 dicas
790 433 975 472 alicuius.
996 433 1166 472 dearum
1192 445 1402 484 sponsum:
1437 426 1574 484 γάμος
1603 445 1676 484 pro

233 519 380 559 sponso
417 509 486 544 aut
521 504 696 550 marito,
736 505 781 540 ut
811 502 917 554 apud
949 502 1153 540 Romanos
1190 502 1426 554 coniugium
1462 506 1507 539 et
1529 503 1676 540 matri-

233 576 412 614 monium
451 584 525 623 pro
566 569 738 611 usmess’
798 570 964 610 Rectius
995 569 1168 608 fortasse
1199 569 1250 609 de
1283 571 1520 621 Hymenaeo
1550 572 1676 610 inter-

238 642 427 695 preteris.
496 639 744 680 Philoxenus
787 639 907 691 Cyth.
952 639 1058 690 apud
1103 638 1250 678 Athen.
1296 639 1312 677 1
1357 652 1395 690 p.
1426 640 1511 678 oa:
1556 634 1674 690 Γάμε

235 706 356 749 θεῶν
385 703 676 760 λαμπρότατε.
732 707 950 747 Probabile
981 711 1042 747 est
1070 707 1111 746 in
1141 706 1267 755 festo,
1299 719 1378 758 quo
1409 708 1677 747 Athenienses

238 778 347 817 Iovis
377 781 420 816 et
450 778 614 817 lunonis
643 777 803 828 nuptias
833 774 931 826 (τὸν
960 773 1073 830 ἱερὸν
1101 771 1260 827 γάμον)
1290 776 1559 824 imitabantur,
1590 777 1676 827 Hy-

236 859 451 887 menaeum
481 845 674 899 singulari
696 845 868 896 quodam
898 846 1019 885 modo
1050 850 1235 885 ornatum
1264 845 1414 884 fuisse:
1442 849 1562 896 atque
1583 844 1679 883 hinc

236 916 390 955 factum
425 919 486 955 est
522 919 567 954 ut
604 914 808 953 hominem
844 915 1100 954 venustulum
1139 919 1260 965 atque
1297 913 1476 965 inprimis
1515 914 1678 964 elegan-

238 988 322 1024 tem
351 980 465 1037 ἱερὸν
493 978 634 1034 γάμον
664 987 868 1024 vocarent.
911 1007 966 1014 -—
1013 984 1082 1024 Vs.
1112 983 1139 1021 3
1176 978 1459 1034 ἀνθρώπινον
1491 983 1535 1023 Ρ.
1579 981 1679 1021 Sta-

239 1054 398 1106 lagmus
427 1053 578 1092 servuli
607 1064 756 1091 nomen
786 1055 848 1091 est
877 1051 984 1104 apud
1014 1052 1216 1091 Plautum.
1244 1076 1299 1083 —
1328 1052 1398 1093 Vs.
1427 1052 1454 1090 4
1482 1046 1679 1103 λαμπρό-

238 1133 314 1170 της
358 1122 405 1160 G.
463 1119 642 1159 Indicavi
687 1120 886 1159 lacunam.
944 1121 1136 1159 Fortasse
1180 1115 1316 1166 εὐθὺς
1359 1121 1529 1168 excidit,
1573 1121 1680 1171 quod

241 1190 450 1230 Personas
478 1188 654 1229 Miscell.
685 1200 726 1240 p.
754 1189 836 1228 237
876 1193 968 1240 post
1004 1178 1128 1245 οὗτος
1165 1188 1382 1228 inserebat.
1437 1182 1681 1237 ἐξελήλυθ’,

238 1254 390 1304 ὄλολυς
419 1259 502 1298 ΛΟ.
544 1252 789 1305 ἐξελήλυθε,
820 1252 945 1303 λόλυς
973 1258 1019 1297 Β.
1058 1253 1300 1306 ἐξελήλυθ’,
1332 1252 1568 1308 ὀλολυγμὸς
1597 1258 1680 1299 VI..

238 1321 468 1376 ἐξελήλυθ’
501 1320 741 1376 ὀλολυσμὸς
771 1325 817 1364 Ρ.
847 1326 1100 1377 Dindorfius.
1158 1321 1294 1372 εὐθὺς
1321 1331 1414 1366 ante
1443 1321 1594 1373 ὄλολυς
1619 1326 1680 1366 in-

239 1395 458 1436 serendum
490 1406 580 1433 esse
609 1394 731 1432 etiam
759 1393 1167 1445 Schweighaeuserus
1198 1396 1427 1434 coniecerat
1443 1396 1560 1435 Tom.
1578 1395 1676 1436 V111

240 1477 282 1516 p.
311 1462 407 1502 435.
464 1462 716 1504 Vocabulum
745 1457 895 1508 ὄλολυς
925 1463 1070 1501 eodem
1100 1475 1222 1502 sensu
1261 1476 1341 1514 quo
1378 1464 1680 1503 Anaxandrides

240 1531 426 1584 posuisse
455 1531 615 1570 videtur
642 1531 871 1571 Menander
900 1531 1006 1583 apud
1037 1531 1227 1571 Photium
1258 1533 1423 1584 Lex.-p.
1453 1533 1548 1573 329.
1585 1527 1682 1570 ὄλο-

241 1597 341 1638 λυνε
374 1596 631 1651 Μένανδρος
659 1596 737 1638 τὸν
764 1595 1006 1650 γυναικώδη
1036 1598 1110 1638 καὶ
1137 1595 1359 1638 κατάθων
1383 1600 1456 1639 καὶ
1480 1595 1682 1652 βάκηλον.

245 1668 320 1709 Ct'r
353 1668 614 1708 Herodianus
643 1668 739 1708 dict.
769 1668 844 1711 sol.
875 1682 914 1720 p.
943 1669 997 1708 32
1026 1669 1105 1708 35:
1135 1663 1320 1715 ’Όλολυς
1350 1665 1398 1707 τὸ
1428 1682 1685 1722 προσηγορι-

242 1731 332 1787 xciv,
361 1734 442 1775 εἴτε
473 1733 522 1775 τὸ
551 1731 711 1789 κύριον.
769 1737 910 1788 Itaque
930 1732 1267 1791 ”OZongqetiam
1298 1751 1444 1778 nomen
1476 1740 1680 1791 proprium

247 1804 340 1845 fuit.
396 1829 452 1837 --
507 1806 581 1847 Vs.
608 1805 635 1844 5
665 1805 908 1854 „Demoeles
936 1806 1024 1848 uoti
1058 1806 1231 1846 hominis
1260 1819 1420 1855 nomen,
1450 1808 1615 1858 parasiti
1643 1811 1684 1847 et

245 1874 506 1914 assentatoris
551 1874 751 1925 Dionysii3
794 1875 846 1913 de
887 1886 966 1925 quo
1006 1874 1152 1914 Athen.
1192 1875 1219 1914 l.
1251 1875 1277 1914 Ι.
1317 1888 1357 1926 p.
1386 1876 1468 1914 250
1510 1880 1551 1915 et
1586 1875 1681 1916 Xlli

244 1955 286 1994 p,
317 1941 400 1980 584
413 1941 442 1981 ἲ.
500 1943 739 1982 Eundemne
768 1943 919 1995 ipsum,
950 1956 999 1982 an
1030 1943 1150 1982 alium
1182 1944 1407 1994 quempiam
1439 1946 1563 1983 obeso
1592 1958 1681 1984 cor-

247 2022 348 2062 pore
377 2010 583 2050 hominem
620 2012 689 2050 hic
719 2012 863 2051 dixerit
892 2015 1037 2063 poeta,
1075 2025 1153 2051 non
1193 2012 1421 2051 definiam?
1476 2013 1683 2067 Schweig-

248 2079 479 2119 kaemerus.
518 2104 571 2110 --
611 2081 680 2134 νε.
710 2082 735 2119 6
764 2075 994 2132 κονιορτός.
1037 2081 1086 2120 V.
1115 2081 1164 2119 ad
1196 2081 1494 2133 Aristophontis
1524 2084 1682 2135 Fragm-

248 2170 303 2179 ——
343 2147 413 2188 Vs.
442 2149 470 2187 7
508 2145 568 2202 τῷ
603 2146 760 2200 λέμβος
796 2150 902 2189 ABG
943 2153 984 2187 et
1022 2149 1275 2189 Eustathius.
1334 2147 1391 2205 τῷ
1426 2148 1608 2203 λέμβρος
1637 2152 1681 2191 Ρ.

247 2210 484 2268 τήλεμβρος
513 2217 599 2259 vl..
640 2215 700 2272 τῷ
729 2229 777 2258 ex
807 2217 892 2269 DQ,
928 2214 1084 2269 λέμβος
1113 2231 1162 2259 ex
1192 2220 1225 2258 D
1255 2226 1451 2259 memorat
1481 2220 1681 2261 Villebru-

249 2285 352 2325 uiuu.
422 2285 677 2338 Dindorfius.
745 2286 810 2326 Ad
850 2284 1007 2338 λέμβος
1049 2287 1197 2327 iterum
1242 2289 1406 2340 respicit
1446 2289 1682 2329 Eustathiua
1694 2306 1702 2326 12

248 2366 290 2405 p.
319 2354 425 2393 1761
457 2354 524 2394 49.
582 2378 637 2386 —
693 2354 762 2395 Vs.
792 2356 819 2392 8
864 2355 984 2394 affert
1024 2357 1257 2396 Athenaeus
1286 2357 1362 2397 Vll
1392 2370 1431 2408 p.
1461 2358 1542 2396 307
1557 2357 1586 2397 f.
1628 2383 1702 2412 -Ι

251 2421 323 2462 Vs.
355 2423 381 2460 9
420 2414 530 2460 ὅταν
565 2435 639 2473 pro
669 2417 725 2460 ἄν
753 2435 815 2468 τις
845 2424 891 2464 G.
947 2421 1093 2470 καινὸς
1121 2425 1226 2465 ABG
1257 2430 1298 2464 et
1326 2425 1433 2476 Epit.
1462 2413 1702 2482 HoeschelAl

249 2483 369 2534 κενὸς
396 2489 514 2531 PVL.
558 2487 746 2537 Καινεὺς
773 2482 1048 2532 casaubonus.
1103 2494 1224 2532 Hunc
1252 2505 1410 2532 versum
1440 2493 1572 2532 omisit
1600 2482 1702 2534 Eri-i

251 2557 436 2597 stathius.
480 2558 734 2611 Dindorfius.
798 2559 857 2599 De
886 2561 1036 2600 Caenei
1073 2561 1233 2599 nomine
1262 2561 1513 2599 restituendo
1541 2543 1699 2619 par-umal

200 2647 204 2655 ι
250 2628 344 2677 apte
372 2627 560 2677 cogitavit
589 2628 863 2668 Gasaubonus.
917 2629 1035 2679 Quod
1063 2629 1470 2680 Schweighaeuserus
1499 2630 1565 2670 cll.
1593 2625 1698 2680 Ari-k

214 2758 229 2771 .
248 2693 475 2747 stophoutis
503 2695 594 2736 loco
623 2697 845 2750 proposuit,
873 2692 1048 2747 καπνός,
1077 2709 1152 2738 nec
1180 2698 1312 2750 ipsum
1341 2698 1408 2739 hic
1434 2698 1533 2739 ferri
1561 2699 1696 2751 posse-5
