1702 3158
247 168 329 208 666
785 166 1157 209 ANTII’HANES.

894 277 1037 318 LXIV.

248 347 430 387 insaniae
460 345 662 385 tristitiam
691 345 861 386 vicinam
891 347 1080 386 arbitror.

902 429 1027 470 LXV.

243 498 316 538 Me
346 497 552 545 miserum,
582 509 702 548 quam
731 497 831 538 illud
860 499 1041 550 iniquum
1072 502 1193 550 atque
1220 499 1475 542 intolerabile
1506 505 1579 549 est,

243 566 407 607 fortuna
436 578 527 606 cum
557 565 743 606 desciscit
769 571 810 607 et
839 580 972 608 mores
1003 569 1187 608 manent!

896 651 1041 693 LXVI.

242 718 477 759 Generosus
507 718 577 770 qui
605 719 670 767 sit,
701 729 831 770 aeque
861 719 1074 760 fortunam
1104 719 1231 761 ferat:

244 801 420 840 namque
451 799 543 828 esse
572 787 866 829 infortunatum
897 790 1072 830 cuiusvis
1102 794 1222 842 puto:

241 857 410 898 adversa
440 860 554 897 recte
582 857 775 907 tolerare,
803 859 845 898 id
875 871 973 899 vero
1004 859 1089 898 viri.

879 941 1046 983 LXVII.

239 1009 332 1051 Vini
360 1009 578 1061 persimilis
609 1011 724 1049 aetas
755 1014 818 1050 est
848 1011 1102 1050 mortalium:

239 1081 457 1130 utrumque
486 1078 655 1118 accessit
684 1078 851 1119 minimo
883 1092 974 1120 cum
1004 1082 1192 1131 superest
1221 1079 1297 1120 sui.

872 1162 943 1202 LX
985 1161 1060 1202 111.

239 1230 438 1271 Senectus
467 1230 591 1270 veluti
620 1230 823 1270 stabulum
856 1163 1059 1271 est2Vnam
1089 1231 1284 1284 quidquid
1314 1232 1408 1272 mali

236 1300 413 1341 humana
439 1300 585 1353 recipit
614 1300 708 1350 vita,
738 1300 780 1342 in
810 1301 922 1342 illam
952 1301 1135 1343 confluit.

890 1384 1036 1424 LXIX.

238 1455 362 1495 Aram
391 1452 591 1492 malorum
620 1451 711 1491 iure
740 1456 993 1494 senectutem
1022 1465 1172 1494 voces:

236 1534 410 1575 namque
439 1521 490 1562 ad
520 1533 609 1560 eam
639 1532 732 1561 sese
761 1523 908 1575 recipit
934 1523 1043 1574 quod
1072 1523 1223 1576 ubique
1252 1527 1315 1564 est
1343 1525 1450 1566 mali.

900 1606 1026 1646 LXX.

237 1675 380 1716 Eheu!
408 1677 611 1723 senectus,
641 1673 709 1724 qui
739 1674 812 1713 tibi
841 1676 1088 1715 maledicere

237 1747 449 1796 quaerunt,
480 1742 688 1782 materiam
719 1742 784 1782 his
814 1755 933 1794 quam
963 1745 1198 1798 suppeditas
1227 1746 1415 1786 uberem!

884 1828 1030 1868 LXXI.

236 1895 368 1936 Nemo
397 1907 465 1934 res
497 1894 649 1946 patrias
680 1895 912 1946 abligurivit
941 1909 1078 1946 senex,

236 1968 306 2004 aut
334 1977 401 2004 res
430 1963 609 2015 nequitia
640 1964 837 2013 exhausit,
868 1970 936 2004 aut
966 1967 1264 2008 meretriculam

234 2034 424 2083 redemit,
453 2038 523 2073 aut
551 2034 592 2073 in
621 2034 684 2073 ius
715 2034 760 2073 iit
790 2035 841 2074 ob
870 2035 1019 2075 fractas
1048 2035 1175 2085 fores,

235 2104 338 2144 adeo
368 2103 478 2156 frugi
508 2106 570 2142 est
598 2108 800 2152 senectus,
831 2110 872 2144 et
901 2098 1050 2145 misera
1081 2110 1145 2145 est
1174 2111 1320 2146 tamen.

885 2188 1050 2228 LXXII.

237 2257 299 2298 De
327 2257 498 2297 consciis
527 2269 594 2296 me
623 2260 750 2296 terret
781 2269 904 2296 unum
935 2259 1107 2298 maxime

237 2331 412 2379 tempus,
442 2326 551 2378 quod
580 2331 791 2367 aeternum
820 2327 949 2366 latere
979 2341 1059 2367 non
1086 2339 1204 2379 queo.

880 2411 1067 2452 XCVIII.

238 2477 413 2519 Gustare
441 2489 585 2518 carnes
615 2479 684 2530 qui
713 2480 841 2519 semel
870 2480 1010 2520 didicit
1039 2481 1148 2520 canis

239 2560 408 2602 gregem
439 2560 522 2589 non
551 2549 701 2600 poterit
730 2549 937 2590 custodire
965 2550 1006 2590 in
1035 2555 1258 2603 posterum.
