1702 3158
402 124 498 169 ΟΜ
501 123 563 168 01
569 122 631 167 01
660 124 712 166 Η
749 119 1033 166 ΟΒΕΛΙΑΦ
1042 118 1201 166 ΟΡΟΙ.
1454 121 1539 165 335

58 248 248 301 Utraque
276 256 473 287 mensura
501 246 619 284 recte
648 242 795 283 habet:
828 234 1059 280 τευθίδιον
1089 239 1164 291 (—
1196 250 1223 277 v
1251 250 1279 278 v
1306 237 1355 290 υ)
1385 249 1409 277 a
1437 248 1538 277 τευ-

57 317 140 367 θὶς
169 312 401 367 τευθίδος,
443 309 675 355 τευθίδων
712 313 797 364 (--
826 336 882 344 —
911 323 938 350 υ
968 312 1023 362 υ)
1062 323 1086 351 a
1117 294 1273 357 τευθὶς
1311 305 1538 366 τευθῖὃος

57 402 182 444 quam
221 400 455 430 mensuram
494 386 705 426 annotavit
741 383 982 425 Athenaeus
1022 381 1083 422 111
1124 381 1334 434 p.106‹=.
1411 347 1540 422 Attici

59 467 198 501 tamen
230 462 468 500 constanter
499 457 698 496 dixerunt
727 452 884 501 τευθὶς
912 453 1056 494 ultima
1083 453 1211 493 brevi.
1243 453 1442 493 Ceterum
1474 449 1538 491 cfr

58 532 284 583 Bergkium
313 529 364 569 ad
394 527 610 580 Aristoph.
640 526 787 579 fragm.
819 539 859 577 p.
891 517 1017 563 1051.
1057 550 1111 556 —
1154 523 1222 564 Vs.
1253 524 1280 563 6
1307 516 1336 571 ἢ
1366 516 1444 561 δύ’
1475 521 1540 562 la-

61 601 240 642 cobsius.
271 601 343 643 VL
374 591 520 650 {2557ss
551 598 657 640 ABP
690 589 787 646 ἡδύ.
831 595 941 635 Tum
971 589 1198 647 ἐγχελύδια
1227 595 1276 635 Β.
1306 593 1443 647 Vulgo
1471 589 1540 644 ἔγ-

54 668 242 726 χελίδια.
300 696 355 703 —
415 670 485 712 Vs.
515 670 542 709 7
588 681 664 722 pro
708 662 927 718 Θήβηθεν
965 670 1060 706 ante
1105 665 1356 706 Palmerium
1392 665 1541 706 Exere.

58 757 100 796 p.
127 742 212 782 510
241 741 455 793 legebatur
490 734 618 790 Θήβη
649 736 745 790 μέν.
813 736 934 789 Quod
970 737 1125 777 ibidem
1165 737 1261 776 libri
1290 735 1445 776 habent
1473 730 1544 789 ἕρ-

52 825 179 866 χεται
222 808 268 851 ἐκ
311 806 491 860 τούτων,
536 809 768 850 emendavit
809 808 1034 847 lacobsius.
1095 807 1177 847 Pro
1222 803 1390 845 τούτων
1431 806 1541 848 PVL

56 877 229 924 τούτου.
287 908 342 915 —
386 882 457 924 Vs.
488 882 514 920 9
554 880 760 932 Bergkius
791 873 1002 917 τοσαῦτα.
1050 876 1155 917 lbid.
1185 870 1241 915 ἂν
1271 873 1443 933 ἐπέλθῃ
1472 888 1539 924 τις

57 954 306 996 Dindorfius.
352 953 489 1006 Vulgo
519 945 596 990 ἐάν
626 962 691 997 τις
721 946 906 1003 ἐπέλθῃ.
966 949 1020 989 At
1049 947 1203 988 rectius
1234 947 1447 988 Porsonus
1478 942 1534 997 ἥν

58 1027 167 1077 (sive
197 1025 333 1079 potius
362 1018 439 1075 ἄν)
468 1035 533 1071 τις
562 1015 760 1076 εἰσέλθῃ.
819 1020 869 1061 V.
886 1019 1097 1073 Diphilum
1127 1020 1299 1072 Empor.
1318 1032 1377 1060 vs.
1393 1019 1463 1060 24.
1482 1019 1536 1052 ¹—-

57 1097 132 1139 Vs.
149 1097 205 1137 10
236 1092 282 1134 δέ
311 1107 357 1146 γε
386 1107 462 1147 pro
493 1091 586 1146 λέγε
616 1092 802 1143 Scaliger
834 1090 942 1143 apud
968 1091 1156 1130 Grotium
1174 1092 1370 1143 Excerpt.
1383 1103 1424 1143 p.
1439 1089 1538 1131 99⁶.

62 1167 166 1207 Ibid.
198 1167 232 1206 B
263 1162 505 1212 πολυτελές.
537 1188 590 1196 —-
624 1165 695 1205 Vs.
727 1162 779 1201 11
811 1159 914 1214 κρέα
945 1162 993 1203 L.
1024 1162 1118 1214 κρές
1147 1162 1273 1203 APV.
1305 1186 1359 1194 —
1388 1161 1461 1202 Vs.
1487 1161 1542 1202 12

62 1232 230 1278 ἔθυσεν
259 1230 285 1285 ἡ
317 1236 515 1289 Scaliger.
547 1235 683 1287 Vulgo
714 1228 853 1278 εὐθὺς
883 1227 972 1280 ἔνη.
1002 1256 1059 1263 —-
1089 1232 1160 1274 Vs.
1193 1232 1247 1271 13
1279 1228 1327 1270 τὸ
1355 1227 1545 1285 μοσχίον

59 1303 111 1347 τὸ
140 1304 217 1356 τῆς
246 1301 471 1359 Κορώνης.
535 1306 685 1359 Attigit
725 1304 830 1343 haec
868 1303 1020 1343 iterum
1050 1290 1360 1356 Athenaeus'p.
1393 1302 1542 1344 359112

59 1375 208 1417 εἴπατέ
247 1389 325 1429 μοι
368 1373 455 1416 τίνι
494 1372 645 1430 ἐννοίᾳ
684 1369 710 1414 ὁ
737 1368 969 1427 ’Ἔφιππος
1005 1372 1053 1413 έν
1090 1374 1183 1421 τοῖς
1212 1372 1543 1428 προειρημένοις

59 1444 144 1504 ἔφη
180 1444 242 1488 Τὸ
269 1444 456 1502 μοσχίον
485 1444 535 1487 τὸ
566 1444 643 1496 τῆς
674 1439 888 1499 Κορώνης
918 1439 1076 1499 αὔριον
1106 1441 1415 1498 δειπνήσομεν.
1458 1443 1538 1498 ἐγώ

58 1516 142 1574 γὰρ
169 1516 319 1573 οἴομαι
352 1514 554 1572 ἱστορίαν
582 1514 682 1557 τινὰ
720 1506 837 1556 εἶναι
880 1515 956 1556 καὶ
997 1514 1134 1557 ποθιὸ
1172 1515 1357 1570 μαθεῖν.
1413 1514 1542 1558 καὶὸ

60 1586 350 1645 Πλούταρχος
390 1586 475 1644 ἔφη
508 1584 752 1637 Ῥοδιακὴν
789 1577 905 1627 εἶναι
942 1585 1180 1641 λεγομένην
1218 1585 1448 1643 ἱστορίαν,
1485 1583 1543 1640 ἢν

61 1661 135 1704 ἐπὶ
175 1659 254 1702 τοῦ
289 1656 509 1715 παρόντος
545 1655 917 1713 ἀποστοματίζειν
964 1654 1016 1699 οὐ
1056 1654 1290 1700 δύνασθαι
1329 1658 1389 1716 τῷ
1424 1657 1544 1702 πάνυ

61 1731 147 1789 πρὸ
178 1730 342 1774 πολλοῦ
371 1729 695 1784 ἐντετυχηκέναι
725 1728 785 1787 τῷ
815 1728 957 1770 ταῦτα
988 1728 1228 1784 περιέχοντι
1255 1727 1432 1786 βιβλίῳ.
1476 1733 1542 1774 Ex

59 1807 207 1860 quibus
235 1804 317 1845 hoc
344 1807 460 1844 certe
489 1802 751 1856 intellegitur
781 1814 863 1842 non
894 1806 1012 1843 recte
1042 1802 1168 1854 vulgo
1200 1802 1397 1856 distingui
1424 1797 1542 1843 ἔθυ-

59 1888 137 1918 σεν
164 1870 191 1926 ἡ
219 1869 328 1932 γυνὴ
359 1871 410 1914 τὸ
437 1868 626 1927 μοσχίον
654 1868 705 1911 τὸ
734 1868 811 1921 τῆς
842 1868 1068 1926 Κορώνης.
1115 1866 1272 1926 αἴριον
1301 1868 1542 1924 δειπνήσο-

57 1959 154 2003 μεν.
209 1947 324 1990 Vidit
359 1947 440 1987 hoe
478 1947 603 1987 etiam
632 1943 888 1984 Dindorfius.
950 1944 1166 1984 Postrema
1203 1944 1302 1985 inde
1339 1958 1366 1986 a
1400 1947 1540 1989 verbis

8 2067 15 2071 ,Α
59 2016 111 2060 τὸ
139 2014 326 2072 μοσχίον
367 2017 487 2057 alteri
524 2015 812 2057 interlocutori
853 2014 1058 2067 assignavi
1091 2018 1320 2068 praeeunte
1348 2016 1541 2060 Dobrneo

60 2092 166 2135 Adv.
199 2090 238 2130 11
267 2103 310 2145 p.
339 2089 440 2133 320.
503 2089 697 2129 Coronen
735 2085 834 2126 dicit
864 2085 1043 2126 sortasse
1073 2086 1282 2127 celebrem
1312 2086 1424 2128 illam
1450 2101 1539 2130 me-

62 2162 278 2210 retricem,
313 2159 365 2201 de
395 2172 477 2213 qua
506 2158 749 2201 Athenaeus
778 2157 880 2197 Xlll
911 2171 952 2210 p.
982 2156 1067 2196 583
1084 2170 1122 2198 e.
1162 2161 1205 2197 et
1235 2171 1276 2210 p.
1304 2158 1445 2200 5871».
1475 2172 1537 2213 sq.

59 2233 316 2275 Rhodiacam
356 2242 478 2283 quam
524 2227 624 2271 dicit
666 2225 880 2269 historiam
912 2225 1094 2278 (Athen.
1125 2240 1167 2281 p.
1196 2227 1351 2281 3601))
1387 2230 1540 2285 respici

60 2305 128 2347 vix
154 2302 354 2346 credibile
383 2306 460 2343 est.
765 2357 804 2397 Π

228 2423 462 2470 Διονυσίου
492 2420 542 2466 δ’
574 2420 616 2465 εἰ
640 2420 834 2481 δράματ’
866 2422 1083 2479 ἐκμαθεῖν
1114 2422 1218 2477 δέοι,

229 2513 304 2555 καὶ
331 2507 630 2567 Δημοφῶντος
659 2504 757 2551 ἅττ’
788 2508 994 2561 ἐποίησεν
1022 2504 1083 2559 εἰς
1115 2505 1279 2561 Κότυν,

232 2593 375 2656 ῥήσεις
405 2611 449 2638 τε
479 2594 592 2638 κατὰ
622 2595 799 2637 δεῖπνον
834 2591 1061 2652 Θεόδωρός
1089 2610 1167 2651 μοι
1197 2596 1327 2652 λέγοι,

182 2711 186 2713 Δ
230 2677 398 2735 Λάχητί
425 2678 470 2723 τ’
500 2674 728 2735 οἰκήσαιμι
755 2679 837 2732 τὴν
864 2679 958 2733 ἑξῆς
987 2679 1151 2737 θύραν,

235 2762 398 2820 κυμβία
425 2780 469 2807 τε
497 2763 729 2824 παρέχοιμ’
762 2765 917 2808 ἑστιῶν
946 2764 1177 2826 Ευριπίδῃ.
