1702 3158
225 151 308 192 ωε
467 205 470 210 ,
613 107 617 123 ’
779 147 1118 189 mcos'rRAu

226 257 484 314 λαυνομένῳ.
542 253 743 310 μάγειρος
782 252 831 294 δ’
863 254 982 296 ἐστὶν
1010 252 1034 296 6
1065 251 1343 308 διηγούμενος
1375 252 1433 303 αἱς
1461 254 1664 311 λαμπρὰν

225 328 299 368 καὶ
335 324 553 367 εὔτακτον
580 320 897 379 παρεσκεύασεν
933 320 1137 378 εὐωχίαν,
1185 321 1583 379 προδιηγησάμενός
1620 338 1664 364 τε

225 388 321 436 οἷον
357 386 411 445 ἦν
449 394 498 437 τὸ
535 391 713 449 αριστον
750 393 824 433 καὶ
861 391 911 433 τὸ
949 392 1122 434 δεῖπνον
1159 393 1233 434 καὶ
1269 391 1413 448 τρίτης
1447 393 1677 447 μνησθεὶς.

227 464 513 519 παραθέσεως
541 462 731 520 επιᾳέρει
759 453 823 502 Εὖ
853 459 901 516 y'
934 460 1084 519 ἄνδρες
1111 459 1199 505 κτλ.
1258 464 1329 506 Vs.
1362 466 1384 504 l
1421 466 1514 506 libri
1543 460 1590 504 εὐ
1619 462 1665 517 γε’

227 533 271 572 τ’
300 529 465 587 ἄνδρες.
524 533 709 573 Correxit
739 533 1016 575 easaubonusn

691 767 1196 812 ΒΑΣΙΛΕῙΣ.

554 884 700 938 Λοιπή
730 901 792 936 τις
821 885 912 939 ὀξίς
938 887 1030 930 ἐστι
1057 890 1131 930 καὶ
1159 886 1397 944 ψυκτήριον

553 968 629 1021 τῆς
656 967 911 1025 εὐπαρύφου
939 969 1203 1028 λεπτότερον.

335 1069 571 1110 Athenaeus
599 1072 658 1113 vl
686 1085 727 1124 p.
756 1073 902 1112 230d.
937 1068 1132 1119 τοιοῦτός
1161 1071 1251 1113 ε’στι
1279 1072 1352 1113 καὶ
1381 1069 1404 1112 6
1433 1067 1552 1124 παρὰ
1579 1069 1666 1109 Λι-

224 1133 443 1193 κοστράτῳ
479 1136 525 1177 ἐν
553 1137 611 1194 τῷ
646 1137 975 1195 ἐπιγραφομένω
1011 1136 1201 1194 δράματι
1227 1140 1444 1188 Βασιλεῖς.
1498 1135 1666 1188 ἆλαζιυν

226 1203 274 1245 δ’
305 1205 398 1246 ε’στὶ
435 1204 700 1263 στρατιώτης
736 1209 831 1263 περὶ
871 1206 921 1249 οὐ
960 1208 1089 1262 λέγει·
1118 1207 1264 1259 Λοιπη
1305 1237 1359 1243 -
1398 1204 1664 1264 λεπτότερον.

225 1273 460 1328 ἐξήλαυνον
487 1273 569 1332 γάρ
598 1291 708 1327 τινες
735 1276 813 1318 τὸν
841 1274 1027 1333 ἄρρυρον
1043 1279 1117 1319 καὶ
1140 1275 1235 1319 τότε
1263 1292 1323 1327 εις
1350 1275 1503 1332 ὑμένος
1530 1273 1663 1320 ἰδέαν.

224 1348 357 1388 Versu
385 1348 516 1400 primo
547 1349 768 1389 Piersonus
796 1349 846 1389 ad
875 1350 1008 1389 Moer.
1039 1363 1079 1402 p.
1109 1350 1187 1389 281
1220 1362 1293 1401 pro
1323 1345 1450 1398 λοιπὴ
1481 1349 1663 1389 tentabat

223 1412 371 1465 λεπτή.

691 1579 1198 1622 ΔΙΑΒΟΛΟΣ.

336 1702 394 1747 A.
420 1698 477 1742 ‘H
505 1699 610 1750 ναῦς
639 1700 684 1741 δὲ
714 1697 862 1755 πότερ’
893 1697 1109 1757 εἰκόσορός
1137 1699 1254 1743 ἐστιν
1281 1697 1310 1752 ἢ
1337 1696 1501 1752 κύκνος,

335 1782 365 1836 ἢ
391 1781 637 1838 κάνθαρος,·
665 1784 785 1824 τουτὶ
814 1782 896 1840 γάρ
924 1783 999 1824 ἐὰν
1026 1781 1211 1838 πύθωμ’
1239 1778 1268 1825 6'
1292 1798 1346 1834 τι,

337 1864 468 1915 αὐτὸς
497 1867 666 1920 περανῶ
694 1864 748 1907 τὰ
776 1863 925 1909 πάντ’.
981 1867 1038 1910 Β.
1068 1863 1214 1921 ἀμέλει
1239 1865 1604 1923 κυκνοκάνθαρος.

335 1950 400 2004 [ἐξ
431 1945 689 2004 ἀμφοτέρων
717 1946 881 1990 τούτων
909 1950 1279 2005 κεκεραμευμένος]

338 2062 575 2104 Athenaeus
605 2062 662 2102 xl
703 2075 743 2113 p.
773 2063 913 2102 4741).
954 2063 1006 2102 de
1041 2063 1234 2103 cantharo
1273 2062 1496 2101 disserens:
1533 2055 1666 2100 Νικό-

226 2144 410 2185 στρατος
437 2126 637 2185 Διαβόλῳ
667 2126 723 2169 Ἡ
751 2128 856 2178 ναῦς
884 2129 971 2173 κτλ.
1044 2133 1114 2174 Vs.
1145 2133 1166 2170 1
1215 2133 1309 2171 libri
1344 2125 1544 2183 πότερον,
1585 2143 1664 2182 quo

225 2206 384 2243 servato
416 2201 646 2252 Stephanus
674 2202 779 2253 App.
806 2202 930 2242 Thes.
960 2214 997 2241 v.
1025 2196 1174 2248 κύκνος
1208 2201 1249 2241 in
1286 2190 1370 2241 find
1398 2212 1540 2239 versus
1567 2201 1667 2239 suri-

226 2271 308 2325 psit
335 2265 427 2309 ἐστ’
459 2264 486 2317 ἢ
516 2265 678 2315 κύκνος.
737 2272 825 2322 Ego
857 2270 1053 2310 Dindorfii
1082 2271 1279 2310 rationem
1318 2269 1503 2321 praetuli.
1557 2262 1667 2306 εἰκό-

226 2351 354 2391 σορος
393 2339 578 2392 praebuit
615 2340 734 2378 Laur.
773 2344 814 2378 et
852 2340 974 2381 Basil.
1051 2340 1123 2380 PV
1158 2332 1267 2385 εἰκὸς
1308 2331 1418 2390 ὅρος.
1488 2339 1518 2377 Β
1557 2329 1667 2382 εἵκός

227 2406 448 2459 κέρκουρος
475 2402 587 2459 ὅρος.
626 2433 679 2438 —
732 2408 800 2448 Vs.
832 2408 858 2446 2
901 2399 929 2445 δ’
953 2420 993 2445 τι
1024 2408 1258 2449 Erfurdtius
1288 2420 1359 2458 pro
1389 2397 1469 2444 ὅτι.
1526 2405 1666 2444 Iacob·

227 2477 310 2517 sius
339 2472 412 2515 ἔτι.
474 2477 552 2515 Pro
583 2470 770 2527 πύθωμ’
803 2477 922 2527 vulgo
953 2471 1181 2528 πύθωμαι.
1240 2475 1424 2515 Correxit
1448 2474 1665 2514 lacobsius.

227 2541 303 2584 ἐὰν
332 2545 565 2598 Dindorflus
593 2546 761 2587 mutavit
788 2545 828 2585 in
857 2539 925 2586 ἄν.
982 2572 1033 2577 —
1095 2547 1163 2586 Vs.
1194 2546 1220 2583 3
1249 2540 1418 2595 περανῶ
1448 2544 1664 2584 lacobsius.

213 2613 363 2664 -Vulgo
392 2608 591 2665 περιάγω.
647 2615 752 2654 ΔΒΡ
781 2609 981 2666 περιάνω.
1038 2616 1151 2665 Quae
1188 2617 1280 2664 post
1316 2607 1669 2664 κυκνοκάνθαρος

230 2685 454 2737 sequuntur
492 2683 615 2724 verba
649 2680 694 2733 ἐξ
730 2678 985 2736 ἀμφοτέρων
1024 2676 1187 2722 τούτων
1212 2679 1584 2737 κεκεραμευμένος,
1621 2685 1666 2722 ut
