1702 3158
242 112 342 155 ΛΠ
345 109 430 154 OK
434 108 522 154 011
527 109 746 153 TOMEN
752 107 842 154 ΟΣ.
917 105 1313 151 ΛΡΧΙΛΟΧΟΣ.
1433 110 1519 151 898

215 224 292 269 τὸν
311 222 504 282 ”Ερωτα,
532 223 632 275 τοὺς
665 223 710 264 δ’
739 222 947 281 ἐρῶντας·
978 218 1129 265 αἰτίαν
1159 219 1206 263 δ’
1238 219 1350 277 ἔχειν

211 313 373 354 ἐκεῖνον
401 308 552 362 ἄλλως,
582 307 853 365 ἠγνοηκότας
884 308 931 350 δὲ
959 306 1060 358 τοὺς

213 398 395 455 γραᾳεῖς
425 394 578 453 ἔχοντα
609 397 823 452 πτέρυγας
853 393 989 437 αὐτὸν
1019 395 1272 452 ζωγραφεῖν.

158 501 398 543 Athenaeus
413 503 515 544 XIII
545 516 585 556 p.
604 503 688 543 562
708 503 747 543 d.
779 503 831 542 de
862 502 1024 544 Amoris
1054 503 1094 542 vi
1125 505 1166 542 et
1195 503 1338 541 natura
1368 511 1516 552 agens:

37 567 217 623 ”Αλεξις
246 569 292 611 δ’
325 571 371 612 ἐν
397 569 765 628 Ἀποκοπτομένῳ
794 571 982 626 Λέγεται
1011 570 1093 627 γὰρ
1122 566 1251 625 λόγος
1280 569 1371 611 κτλ.
1429 572 1516 612 Re-

49 644 171 697 spicit
200 645 338 684 locum
370 644 610 685 Eustathius
641 658 682 698 p.
713 646 796 685 987
826 644 896 685 25.
954 645 1026 687 Vs.
1051 645 1070 683 l
1105 641 1275 696 λέγεται
1302 637 1444 692 λόγος,
1470 645 1518 682 ut

47 715 156 768 apud
195 715 478 768 Phrynichum
518 716 749 769 Hephaest.
789 729 831 768 p.
861 717 940 756 67:
984 710 1112 767 λόγος
1146 707 1293 767 ὥσπερ
1332 710 1516 765 λέγεται.

44 787 175 838 Quam
212 785 462 825 locutionem
500 787 634 827 minus
671 800 862 840 graecam
902 800 994 828 esse
1032 787 1195 828 dicebat
1234 784 1517 827 Bernhardius

41 859 183 897 noster
208 855 416 896 Eratosth.
446 868 488 908 p.
519 856 616 897 11⁰.
746 912 787 952 H

272 997 338 1043 Οὐ
366 999 696 1057 συμποσίαρχος
724 990 781 1053 ἧν
809 999 894 1059 γὰρ
924 998 1039 1043 ἀλλὰ
1070 997 1226 1056 δήμιος

264 1083 288 1128 ὁ
322 1087 530 1144 Χαιρέας,
559 1083 759 1138 κυάθους
787 1085 1007 1144 τροπίνων
1036 1087 1213 1130 εἴκοσιν.

153 1190 393 1233 Athenaeus
421 1191 461 1232 X
489 1206 530 1246 p.
560 1193 704 1233 431c:
737 1186 916 1243 ’Ἄλεξις
958 1187 1009 1232 δ’
1052 1191 1100 1233 ἐν
1138 1189 1515 1247 Ἀποκοπτομένῳ

45 1255 107 1301 Οὐ
136 1258 463 1315 συμποσίαρχος
490 1261 581 1304 κτλ.
648 1266 764 1317 Quae
804 1264 870 1305 his
909 1265 1048 1306 addita
1084 1265 1281 1318 leguntur
1315 1264 1358 1305 in
1397 1263 1514 1305 libris

40 1328 139 1372 ἴσον
160 1329 239 1389 ἴσῳ
256 1329 388 1372 πάλιν
407 1331 490 1384 τήν
502 1331 678 1388 μείζονα
707 1330 858 1392 ᾔτουν,
887 1349 935 1376 ea
959 1350 1009 1377 ex
1026 1337 1186 1390 Sophili
1215 1336 1308 1377 Ioco
1325 1349 1366 1388 p.
1381 1336 1461 1376 431
1475 1348 1513 1375 a.

38 1407 198 1445 temere
235 1417 330 1446 esse
369 1407 564 1460 repetita,
602 1407 834 1449 docuerunt
870 1408 1292 1463 Schweighaeuserus
1331 1412 1373 1448 et
1409 1407 1511 1447 Por-

35 1485 175 1516 nonus.

413 1661 1036 1708 ΑΡΧΙΛΟΧΟΣ.
1100 1669 1138 1717 *)

754 1781 786 1822 1.

107 1852 175 1904 ἴ,Ω
208 1859 288 1913 τὴν
316 1857 483 1918 εὐτειχῆ
511 1861 649 1905 ναίων
678 1861 850 1921 Πάρον,
880 1860 1002 1917 ὄλβιε
1032 1863 1214 1919 πρέσβυ,

114 1943 146 1999 ἢ
173 1943 384 1990 κάλλιστα
416 1948 538 2005 ᾳέρει
563 1946 684 2006 χώρα
716 1946 796 1992 δύο
826 1948 912 1991 τῶν
942 1951 1227 2004 συναπασῶν,

121 2031 288 2089 κόσμον
314 2035 396 2090 μὲν
424 2031 671 2092 μακάρεσσι
700 2033 852 2087 λίθον,
883 2036 1072 2088 θνητοῖς
1103 2035 1149 2078 δὲ
1178 2033 1470 2086 πλακοῦντας.

144 2149 382 2191 Athenaeus
410 2150 510 2193 XIV
538 2164 580 2204 p.
611 2151 758 2193 64411:
797 2143 867 2192 ὅτι
896 2149 943 2191 δὲ
969 2148 1129 2200 καλοίς
1157 2148 1435 2200 πλακοῦντας
1465 2149 1512 2192 ἐν

33 2216 192 2277 Παρίῳ
229 2218 308 2260 τοῦ
342 2216 676 2271 Ἑλλησπόντου
713 2223 872 2276 φαγεῖν
912 2220 1034 2264 ἔστιν
1072 2222 1116 2264 οἱ
1156 2218 1511 2276 ἐπιδημήσαντες

31 2287 400 2346 μαρτυρήσουσιν.
470 2287 649 2345 ”.Αλεξις
694 2291 777 2348 γὰρ
821 2290 1100 2345 πεπλάνηται
1142 2293 1278 2347 λέγων
1317 2291 1419 2342 τοὺς
1463 2292 1510 2334 ἐκ

32 2357 215 2416 Πάρου·
253 2361 365 2416 λέγει
401 2360 448 2402 δὲ
476 2355 612 2412 οὕτως
642 2362 687 2404 ἐν
718 2363 777 2422 τῷ
805 2363 1142 2421 ἐπιγραφομένῳ
1168 2361 1418 2421 Ἀρχιλόχῳ
1438 2354 1506 2405 ῒΩ

32 2429 115 2482 τὴν
151 2430 316 2488 εὐτειχῆ
352 2432 445 2474 κτλ.
511 2435 718 2478 Videntur
753 2437 858 2478 haec
897 2438 949 2478 ad
979 2437 1301 2488 Archilochum,
1339 2437 1509 2478 Parium

34 2509 212 2557 poetam,
241 2506 334 2547 dici.
391 2507 463 2549 Vs·
496 2506 519 2546 1
561 2507 656 2548 libri
684 2502 856 2560 εὐτυχῆ.
916 2509 1154 2549 Diudorfius
1183 2503 1364 2561 εἰτείχη.
1424 2509 1508 2549 Re-

37 2575 141 2616 etIus
168 2571 345 2630 εὐτειχῆ.
402 2577 510 2620 Vide
525 2577 722 2621 Loheckii
754 2580 1111 2634 Paral.gramm.l
1142 2579 1281 2635 p.245
1310 2579 1508 2622 c11.1‘ho-

130 2699 164 2764 *j
189 2720 230 2754 V.
253 2721 344 2759 nist.
368 2724 443 2760 crit.
467 2737 500 2770 p.
525 2725 606 2761 390.
