1702 3158
269 182 325 222 28
801 173 1087 217 ANTIPHAN
1094 175 1141 216 ls

270 292 350 332 tius
388 288 565 329 mutabat
610 290 649 328 in
689 284 838 336 τέκνα,
888 288 1086 340 probante
1128 284 1359 326 Gaist'ordio
1398 285 1447 326 ad
1488 287 1702 340 Hephaest:

270 374 311 413 p.
341 360 439 399 219.
507 359 637 399 Recte
673 357 756 397 vitii
786 358 925 396 sedem
957 357 1191 396 Diudorfius
1220 355 1260 394 in
1290 352 1702 408 γαλακτοθρὲμμονα

272 442 364 468 esse
391 428 502 468 vidit.
561 428 605 466 ld
637 440 712 478 ego
743 426 837 465 olim
870 427 966 465 Cur.
998 426 1086 465 crit.
1116 439 1154 476 p.
1173 428 1200 462 8
1229 424 1277 462 ad
1308 424 1608 465 similitudinem
1639 427 1702 466 ho·

270 498 447 539 mei-icae
487 496 641 536 formae
669 489 970 548 γλακτοφάγος
1004 495 1043 533 ἰιι
1074 491 1469 545 γλακτοθρέμμονα
1497 495 1702 534 mutabam,

272 572 462 618 correpta
493 565 621 604 vocali
650 568 743 603 ante
771 561 836 615 γλ,
868 564 1001 615 quode
1031 563 1110 602 dixi
1142 563 1249 602 Hist.
1279 563 1365 602 crit.
1390 576 1428 614 p.
1443 564 1538 603 294.
1595 565 1702 605 Nun«

269 641 466 688 sequutus
501 647 590 674 sum
630 634 881 672 Dindorfium
922 632 971 670 ad
1002 632 1153 672 Athen.
1195 646 1233 683 p.
1264 633 1345 671 269
1361 645 1396 671 a.
1437 633 1504 672 ubi
1543 634 1702 674 eandem

268 705 439 746 formam
468 703 645 742 restituit
675 702 912 741 Pherecrati
943 701 1099 740 Metall.
1133 702 1148 741 Ι
1182 703 1249 741 18.
1294 703 1546 742 Adiectivum
1577 701 1702 754 γαλα-

267 770 421 825 τοκράς
457 772 630 811 servavit
668 771 866 812 Arcadius
897 783 935 821 p.
970 770 1019 807 21
1053 769 1093 808 5.
1159 771 1232 809 Cfr
1261 771 1446 811 Eustath.
1485 772 1534 809 ad
1567 773 1702 823 Odyss,

266 857 309 897 p.
339 843 449 882 1818
477 841 530 881 24
562 845 603 879 et
632 841 800 879 Porson.
832 838 881 876 ad
914 838 1031 877 Phot.
1062 852 1101 890 p.
1132 840 1226 879 688.
1283 865 1335 871 -—-
1392 840 1463 881 Vs.
1494 842 1519 878 6
1558 841 1647 879 cod.
1678 842 1702 880 A

265 908 548 963 τακεροχρῶτι
578 904 860 957 δηκτύουσαν.
904 907 1100 946 Similiter
1130 909 1268 948 ceteri.
1326 909 1506 960 Egregie
1536 909 1702 949 restituit

266 981 488 1022 Por-onus.
529 1004 582 1010 —
621 979 691 1019 Vs.
722 979 747 1016 6
777 966 862 1028 ἆρα
892 988 966 1027 pro
996 970 1081 1026 ἄρα
1113 976 1291 1016 Grotius.
1349 978 1400 1018 V.
1431 977 1479 1016 ad
1511 977 1702 1020 Stratoni:

267 1049 464 1091 Phoenic.
494 1047 562 1087 21.
621 1047 775 1086 Ibidem
803 1057 855 1097 με
885 1057 958 1096 pro
987 1039 1036 1094 μ’
1068 1045 1150 1084 ΒΡ.
1215 1045 1297 1083 Pro
1325 1057 1401 1096 μοι
1431 1046 1502 1087 PV
1530 1042 1615 1085 καί.
1656 1073 1702 1082 .-

265 1119 338 1160 Vs.
367 1120 394 1157 7
423 1129 496 1169 pro
528 1113 573 1153 δὲ
603 1117 674 1156 VL
705 1127 747 1152 τε
822 1110 1017 1165 συμμιγῆ
1046 1114 1329 1163 casaubonum
1358 1115 1450 1154 libri
1481 1113 1702 1168 συμμιγής.

266 1211 321 1220 ..-
352 1186 424 1227 Vs.
452 1186 477 1224 9
508 1179 644 1235 ἁγνὴν
673 1181 902 1236 παρθένον
932 1179 1070 1230 Δηοῦς
1099 1178 1233 1236 κόρην
1261 1184 1436 1224 farinam
1466 1185 1576 1226 dicit.
1635 1186 1702 1227 Cf}

266 1256 318 1296 ad
347 1254 517 1296 Strattin
546 1267 586 1306 p.
617 1253 714 1293 764.
771 1251 1024 1292 Simillimam
1055 1252 1267 1304 placentae
1298 1255 1702 1308 circumscriptionem

265 1325 358 1365 vide
395 1323 502 1376 apud
538 1323 807 1362 Philoxenum
843 1321 1045 1361 Athenaei
1081 1322 1177 1364 XlV
1218 1337 1257 1375 p.
1288 1325 1382 1365 643.
1440 1349 1494 1357 —-
1551 1327 1620 1366 Vs.
1658 1326 1702 1367 1ss

266 1390 640 1438 λεπτοσυνθέτοις
669 1391 790 1433 PVL.
847 1387 1199 1431 λεπτοσυνθέτου
1234 1395 1280 1433 Β.
1339 1394 1524 1434 Correxit
1560 1396 1702 1437 casau-

264 1464 410 1504 bonus.
481 1463 627 1503 Eidem
668 1456 899 1513 tpvcpaivw
941 1460 1140 1500 debetur:
1196 1462 1288 1502 libri
1332 1459 1597 1517 τρυφῶντας.
1654 1486 1702 1494 -

264 1532 336 1575 Vs.
366 1532 421 1571 13
463 1532 585 1585 vulgo
622 1525 784 1580 λιβάδα
829 1526 873 1567 δὲ
904 1525 1151 1582 ([αίανδρον
1176 1525 1282 1579 ὦδή.
1341 1533 1442 1572 Cod.
1473 1536 1508 1574 A
1545 1530 1702 1586 λιβάδα

264 1598 343 1640 νῦν
377 1596 517 1653 φαιὰν
557 1596 771 1653 δροσώδη,
827 1600 886 1639 Ac
915 1596 993 1636 νῦν
1022 1599 1142 1638 etiam
1172 1600 1219 1640 B.
1276 1601 1511 1642 Dindorfius
1548 1600 1702 1654 λιβάδα

262 1681 345 1709 νυν
373 1666 514 1723 φαιὰν
543 1664 757 1721 δροσώδη.
788 1667 869 1707 Sed
901 1679 1034 1718 neque
1063 1678 1142 1705 νυν
1170 1673 1306 1720 aptum
1335 1669 1415 1708 hoc
1445 1671 1548 1720 loco,
1577 1686 1702 1726 neque

264 1735 380 1794 φαιὰ
410 1739 622 1778 tolerabile
651 1750 778 1788 aquae
808 1736 1017 1787 epitheton
1049 1740 1123 1784 est,
1155 1737 1263 1787 quod
1282 1737 1433 1778 frustra
1450 1741 1702 1783 casaubonus

266 1811 473 1860 comparat
503 1820 595 1847 cum
612 1806 836 1846 Homerico
865 1801 1002 1855 μέλαν
1030 1796 1157 1855 ὕδωρ.
1214 1806 1365 1858 Scripsi
1393 1808 1518 1860 igitur
1545 1806 1702 1860 λιβάδα

265 1874 548 1930 νυμφαίαν
583 1870 805 1929 δροσώδη,
857 1873 1072 1926 limpidum
1111 1873 1321 1926 liquorem.
1392 1877 1452 1916 lta
1487 1879 1702 1931 νυμφαῖον

265 1944 383 1998 νᾶμα
415 1946 514 1985 dixit
545 1950 665 1995 poeta
693 1946 873 1984 incertus
902 1943 1008 1994 apud
1037 1944 1285 1984 Brunckium
1315 1946 1430 1986 Anal.
1464 1948 1522 1987 111
1552 1963 1592 2000 p.
1614 1950 1702 1990 199.

267 2016 370 2057 Ibid.
398 2011 658 2067 παραλιπών
686 2015 876 2061 Grotius3
907 2012 997 2051 libri
1027 2007 1287 2062 παράλιπον.
1326 2039 1380 2045 -
1419 2017 1488 2057 Vs.
1521 2019 1574 2058 14
1603 2030 1702 2068 „xoe-

267 2079 476 2124 σιόπνουν
515 2077 656 2134 αὔραν
697 2082 986 2134 interpretatur
1028 2081 1207 2121 comicus
1248 2084 1464 2135 myrrham.
1536 2088 1702 2138 Mirumg

267 2167 359 2194 nam
388 2152 497 2193 aliud
528 2153 655 2200 casia,
692 2152 803 2191 aliud
832 2151 1009 2203 myrrha.
1076 2151 1159 2190 Sed
1197 2152 1356 2193 videtur
1395 2155 1601 2207 myrrham
1630 2158 1701 2197 lata

263 2223 436 2263 notione
465 2222 650 2274 posuisse
680 2233 753 2272 pro
784 2222 967 2271 quolibet
996 2225 1190 2260 aromate.
1247 2223 1381 2272 Quare
1411 2225 1532 2264 etiam
1561 2239 1583 2265 a
1611 2239 1700 2266 mon

269 2291 379 2343 quod
399 2281 606 2330 Hebraeis
625 2290 833 2341 myrrham
862 2290 1076 2342 significat,
1105 2289 1292 2330 fecerunt
1319 2287 1468 2344 μύρον,
1498 2306 1698 2335 commun«

268 2372 416 2400 nomen
448 2359 626 2399 omnium
657 2360 742 2398 eius
778 2359 982 2410 generis.''
1038 2360 1312 2400 Casaubonus.
1373 2361 1541 2402 Videtur
1577 2357 1702 2429 patim}

269 2424 375 2468 casia
403 2428 548 2467 latiore
577 2441 698 2468 sensu
727 2428 961 2481 accipienda
999 2441 1112 2477 esse,
1152 2434 1197 2468 ut
1227 2424 1488 2477 κασιόπνους
1516 2427 1630 2484 αὔρα
1659 2432 1702 2486 si}

269 2497 433 2549 myrrha
469 2497 601 2537 casiae
636 2498 808 2538 similem
850 2499 1018 2538 odorem
1058 2511 1265 2550 spargens.
1333 2497 1475 2553 αἴθρα
1516 2515 1588 2553 pro
1627 2493 1702 2550 ἀὴςὶ

267 2578 402 2607 rarum
434 2567 618 2617 quidem,
658 2580 733 2606 nec
764 2571 897 2606 tamen
926 2568 1014 2611 sine
1044 2569 1240 2619 exemplis
1271 2572 1346 2609 est.
1416 2570 1614 2610 Similiter
1643 2564 1699 2614 αἰιὲ

269 2630 364 2688 θὴρ
401 2635 454 2674 de
491 2647 587 2674 aere
629 2636 727 2675 dixit
764 2637 980 2689 Dionysius
1010 2637 1211 2677 Athenaei
1242 2638 1315 2679 XV
1345 2652 1385 2690 p.
1415 2639 1498 2678 668
1515 2638 1545 2679 f.
1604 2640 1697 2680 lbids'

269 2701 328 2756 μὴ
360 2704 526 2747 Grotius
565 2715 638 2756 pro
675 2717 763 2756 μοι.
827 2731 879 2739 -
939 2706 1006 2748 VS.
1039 2705 1092 2745 15
1129 2706 1222 2748 libri
1259 2704 1467 2748 τοιοῦτον.
1526 2709 1694 2750 Coi-rexi*
