1702 3158
508 138 804 184 ΛΣΤΥΤΟΙ.
862 140 909 182 A
917 139 1064 183 YI'H.
1448 143 1531 185 211

173 258 414 302 Athenaeus
453 257 492 299 11
535 272 578 312 p.
607 259 727 299 6912:
784 252 1072 310 Καλλίμαχος
1121 251 1169 295 δέ
1211 267 1352 309 ᾳησιν
1393 249 1464 296 ὅτι
1506 251 1533 306 ἡ

57 325 312 384 Ἀᾳροδίτη
350 325 428 368 τὸν
466 323 671 369 ”Αδωνιν
708 326 755 368 ἐν
791 324 1037 383 θριδακίνῃ
1072 322 1296 381 κρύψειεν,
1345 322 1537 380 ἀλληγο-

61 395 258 456 ρούντων
287 397 377 439 τῶν
404 397 599 450 ποιητῶν
629 391 700 440 ὅτι
728 394 937 447 ἀσθενεῖς
963 391 1048 438 εἰσι
1078 392 1186 451 πρὸς
1214 391 1461 452 ἀφροδίσια
1491 396 1537 438 οἱ

60 467 247 524 συνεχῶς
273 465 488 525 χρώμενοι
516 466 718 526 θρίδαξι.
779 469 854 510 καὶ
883 465 1110 521 Εὔβουλος
1139 461 1189 506 δ’
1223 465 1270 507 ἐν
1294 462 1537 517 Ἀστύτοις

61 539 174 597 φησί
212 537 294 589 Μὴ
334 537 579 595 παρατίθει
615 538 707 583 κτλ.
777 541 996 595 ingeniose
1035 539 1249 580 Dobraeus
1290 540 1463 581 Advers.
1495 540 1537 580 11

60 625 104 666 p.
132 613 215 653 299
257 612 538 665 epitomatoris
577 624 761 653 errorem
793 624 886 652 esse
914 611 1169 665 suspicatur,
1208 611 1319 663 quod
1347 610 1538 651 Eubulus

60 680 109 722 ἐν
150 677 383 728 Ἀστύτοις
430 682 634 723 laudatur.
709 683 971 724 Athenaeum
1017 682 1190 730 dixisse,
1239 681 1451 722 Eubulum
1491 677 1539 720 ἐν

61 746 268 799 ἀστύτοις
296 752 338 791 h.
369 765 409 792 e.
436 752 547 792 inter
576 754 690 793 cibos
723 753 929 794 Venerem
962 753 1266 804 extinguentes,
1297 764 1540 793 numerasse

60 822 287 870 lactucam3
323 821 447 873 idque
476 834 552 873 pro
583 823 749 862 nomine
780 823 1021 862 comoediae
1051 821 1261 874 accepisse
1291 823 1540 875 epitomato-

60 905 163 933 rem.
219 891 346 934 Vs.,1
385 886 632 945 παρατίθει
663 893 711 933 L.
753 889 975 946 περιτίθει
1005 891 1055 934 V.
1117 892 1330 932 Pon-sonus
1357 887 1419 943 μὴ
1449 903 1538 931 πα-

60 958 240 1017 ρατίθει
274 973 351 1014 μοι
393 956 472 1009 τὰς
513 959 784 1017 θριδακίνας
826 963 892 1003 vel
932 956 994 1016 μή
1041 971 1120 1000 νυν
1164 957 1413 1016 παρατίθει
1456 975 1539 1016 μοι

60 1028 341 1085 θριδακίνας.
400 1032 542 1074 Possis
572 1034 696 1074 etiam
726 1029 787 1087 μὴ
818 1030 879 1085 μὴ
911 1027 1172 1086 παρατίθει.
1244 1034 1294 1075 V.
1325 1033 1539 1088 Aristoph.

61 1104 235 1158 Lysistr.
272 1103 369 1144 740.
430 1103 560 1157 Vesp.
601 1105 726 1145 1418.
797 1104 857 1145 lta
898 1105 1021 1145 etiam
1060 1101 1136 1143 ναὶ
1176 1101 1251 1142 ναὶ
1291 1105 1401 1157 Equ.
1438 1105 1539 1146 749.

61 1175 256 1216 Ceterum
284 1172 350 1214 cfr
378 1173 429 1213 ad
459 1175 678 1228 Amphidis
709 1175 780 1215 lal.
814 1175 852 1215 1.
897 1199 952 1206 —
996 1175 1068 1217 Vs.
1098 1175 1125 1215 3
1164 1168 1223 1222 ὥς
1250 1167 1378 1226 λόγος
1406 1174 1456 1215 Β.
1482 1197 1541 1206 --

62 1244 134 1286 Vs.
162 1244 190 1284 4
230 1238 310 1283 τὸν
336 1237 542 1283 ”Λδωνιν
580 1239 853 1298 προῦθηκεν.
914 1246 960 1286 ln
990 1245 1159 1285 lactucis
1190 1245 1398 1287 Venerem
1426 1256 1540 1287 mor·

17 1303 33 1320 ⁶
61 1318 176 1355 tuum
195 1313 427 1355 Adonidem
445 1316 729 1368 composuisse
743 1315 988 1369 pervulgata
1011 1315 1094 1356 fuit
1123 1315 1232 1368 apud
1251 1320 1415 1356 veteres
1446 1316 1540 1369 opi-

59 1385 142 1426 nio.
201 1385 311 1425 Hinc
346 1386 507 1426 lactuca
539 1381 730 1434 Ἀδωνίς
758 1387 867 1427 dicta
898 1391 1006 1427 teste
1034 1387 1287 1439 Etymologo
1318 1386 1380 1427 M.
1410 1401 1451 1440 p.
1483 1388 1539 1427 lo

63 1455 139 1495 16:
170 1447 382 1503 Ἀδωνιὶς
415 1456 532 1507 (sic)
566 1452 774 1510 χελιδών,
814 1453 1008 1510 θρίδαξ,
1050 1457 1122 1497 ubi
1166 1457 1273 1497 duae
1301 1457 1465 1510 glossae
1494 1457 1539 1499 iu

60 1537 182 1567 unam
212 1527 414 1567 conflatae
445 1541 539 1568 esse
568 1519 787 1578 videntu¹r‚
822 1522 1030 1575 Ἀδονίςε
1062 1522 1262 1580 χελιδών.
1316 1519 1538 1576 ῘΑδωνίςε

59 1592 242 1650 θρίδαξ.
301 1619 356 1628 ——
416 1596 487 1638 Vs.
518 1598 546 1637 5
593 1593 755 1637 νεκύων
786 1597 955 1652 βρῶμα.
1013 1599 1150 1639 Etiam
1180 1599 1290 1651 apud
1321 1599 1534 1641 Romanos

59 1668 199 1708 multis
235 1666 481 1719 religionem
517 1667 647 1709 fuisse
685 1669 794 1709 vesci
838 1669 1008 1710 lactucis
1037 1680 1087 1708 ex
1117 1668 1242 1708 Plinii
1271 1669 1327 1709 H.
1356 1670 1407 1710 N.
1438 1667 1539 1710 xlx

58 1738 88 1778 8
116 1737 172 1778 38
202 1738 342 1777 docuit
372 1737 654 1789 Casaubonus,
684 1740 865 1781 afferens
894 1741 965 1781 ille
996 1739 1118 1779 etiam
1138 1738 1341 1779 Galenum
1371 1739 1425 1780 de
1455 1739 1537 1781 fac.

60 1806 170 1849 med.
200 1807 335 1861 simpl.
360 1807 421 1848 111
451 1808 638 1851 lactucae
668 1822 792 1851 succo
824 1815 906 1852 tam
936 1810 1058 1852 facile
1087 1809 1264 1869 aliquem
1294 1809 1385 1850 tolli
1415 1820 1538 1864 quam

61 1878 218 1921 cicutae
250 1865 481 1920 testantem.

619 2095 963 2139 ΑΥΓΗ.

286 2215 355 2269 Τι’,
382 2207 416 2259 ὦ
448 2214 628 2275 πόνηρ’,
657 2219 840 2271 ἕστηκας
870 2218 917 2260 ἐν
946 2215 1104 2268 πύλαις
1135 2216 1212 2269 ἔτι,

280 2299 383 2344 ἀλλ’
416 2300 470 2345 οὐ
496 2302 713 2357 βαδίζεις;
744 2306 836 2353 τοῖς
866 2302 912 2344 δὲ
941 2299 1150 2358 γενναίως
1178 2298 1318 2345 πάλαι

283 2383 601 2444 διεσπάρακται
628 2387 780 2445 θερμὰ
805 2385 1030 2444 χηνίσκων
1056 2387 1182 2443 μέλη,

282 2470 576 2528 διερράχισται
606 2473 745 2529 σεμνοὶ
774 2470 1149 2537 δελφάκωνκρέα,

231 2556 259 2597 5
290 2554 559 2608 κατηλόηται
587 2557 776 2615 γαστρὸς
805 2559 851 2600 ἐν
878 2558 998 2615 μέσῳ
1025 2554 1191 2607 κύκλος,

220 2661 226 2666 -
284 2638 587 2698 κατῃσίμωται
615 2640 761 2689 πάντα
790 2639 1077 2698 τάκροκώλια,

288 2721 573 2779 ἔνωγάλισται
602 2726 760 2785 σεμνὸς
790 2725 1004 2776 ἀλλᾶντος
1032 2721 1180 2783 τόμος,

1156 2795 1215 2836 14
1244 2795 1263 2817 ²⁸
