1702 3158
195 149 304 205 'eoo
842 158 1053 207 nusum

218 270 361 326 οὔπω,
403 275 512 328 quod
547 274 818 316 necessarium
847 273 1007 315 videtur
1041 277 1206 327 propter
1239 267 1446 324 οἰνίσκος,
1480 288 1563 328 quo
1589 289 1654 318 re-

217 356 315 385 eens
343 345 516 385 necdum
545 345 642 385 satis
670 343 849 396 potabile
882 344 1018 384 vinum
1054 344 1274 394 indicatur,
1310 348 1356 385 ut-
1390 345 1498 398 apud
1526 346 1656 386 Crati-

215 425 313 455 num
343 413 434 467 Pyt.
465 413 524 454 111
553 427 592 465 p.
623 413 718 452 117.

782 494 786 496 ’
895 494 965 535 IX.

1159 545 1308 599 Γύναι,

347 626 549 690 ῥάφανόν
575 644 629 685 με
656 628 866 685 νομίσασ’
897 625 957 679 εἰς
984 629 1055 684 ἐμὲ
1084 628 1138 672 σὺ
1167 629 1247 683 τὴν
1274 626 1516 686 κραιπάλην

346 713 511 768 μέλλεις
538 711 715 770 ἀφεῖναι
743 712 908 767 πᾶσαν,
936 710 995 763 ὥς
1021 712 1296 768 ε’μοϊδοκεΐς.

317 827 554 868 Athenaeus
578 827 595 867 1
624 841 664 880 p.
680 826 735 866 34
751 827 798 867 d:
827 821 1047 877 Εὔβουλος
1078 824 1124 865 δέ
1152 822 1238 866 πού
1265 839 1377 880 φησι
1404 820 1542 868 Γύναι
1569 819 1647 879 ῥά-

206 891 352 948 φανόν
376 909 431 949 με
457 893 547 937 κτλ.
613 896 920 948 „compellatur
948 896 1011 936 his
1040 897 1173 936 verbis
1202 897 1347 936 mulier
1373 895 1455 935 vini
1482 896 1652 947 iraeque*

206 965 342 1019 plena.
409 967 524 1017 Quae
565 977 657 1005 eum
700 965 965 1006 vehementer
1006 967 1166 1007 invecta
1210 969 1318 1006 esset
1358 965 1399 1005 in
1440 965 1646 1005 hominem
1680 975 1684 981 ¹

204 1035 344 1075 neseio
374 1045 508 1085 quem,
536 1034 621 1083 ille,
649 1034 813 1083 videris,
842 1035 986 1086 inquit,
1013 1048 1080 1075 me
1101 1048 1175 1087 pro
1204 1035 1381 1074 brassica
1409 1035 1576 1083 habere,
1602 1035 1644 1074 in

204 1115 325 1155 quam
354 1115 515 1143 omnem
544 1107 655 1143 tuam
685 1103 871 1144 effundas
900 1104 1144 1156 crapulam.”
1187 1104 1404 1144 lacobsius.
1460 1105 1644 1146 Brassica

202 1171 410 1225 crapulam
449 1171 583 1212 sedari
620 1171 819 1212 creditum
855 1185 949 1213 esse
982 1173 1119 1213 multis
1147 1173 1390 1225 scriptorum
1418 1174 1518 1214 loeis
1545 1187 1642 1227 pro-

201 1243 311 1283 bavit
338 1241 586 1283 Athenaeus.
642 1241 751 1283 Vs.l
782 1253 836 1292 με
865 1236 1074 1293 νομίσασ’
1103 1243 1223 1283 BCD.
1250 1255 1295 1293 γε
1323 1237 1533 1295 κομίσασ’
1556 1244 1640 1287 VL.

201 1313 302 1354 ibid.
331 1311 541 1353 Dobraeus
568 1310 671 1352 Adv.
702 1311 740 1351 11
770 1324 809 1363 p.
839 1311 922 1351 295
950 1323 1034 1351 σου
1060 1313 1222 1353 coniicit
1249 1325 1324 1365 pro
1354 1307 1421 1355 σύ.

898 1432 951 1473 Χ.

414 1508 542 1555 Ἐπεὶ
570 1510 616 1553 δὲ
646 1510 790 1563 σηκῶν
817 1511 1048 1568 περιβολὰς
1075 1510 1339 1569 ἠμείψαμεν,

415 1588 532 1651 ’ὕδωρ
560 1609 604 1635 τε
633 1594 836 1650 ποταμοῦ
863 1596 990 1651 σῶμα
1019 1594 1345 1653 διεπεράσαμεν,

414 1677 490 1719 καὶ
518 1674 641 1732 ἡμῶν
670 1678 715 1719 δὲ
745 1678 867 1720 πᾶσα
897 1676 1080 1735 δύναμις
1107 1677 1279 1722 ὑδάτων
1305 1677 1496 1737 ἄρδεται.

301 1790 537 1832 Athenaeus
552 1790 591 1829 11
608 1792 718 1843 p.43
735 1805 781 1832 c:
810 1789 859 1831 τὸ
891 1785 1005 1845 ὕδωρ
1034 1790 1235 1845 ποταμοῦ
1263 1789 1390 1845 σῶμα
1418 1787 1529 1846 φησί
1549 1802 1633 1829 που

191 1854 414 1911 Εὔβουλος
438 1855 461 1898 ὁ
482 1857 804 1915 κωμῳδιοποιὸς
823 1856 1033 1914 εἰρηκέναι
1051 1857 1313 1915 Χαιρήμονα
1336 1858 1413 1902 τὸν
1432 1856 1633 1915 τραγικόν

186 1925 314 1970 Ἐπεὶ
341 1917 388 1968 δὲ
416 1928 559 1978 σηκῶν
585 1928 675 1971 κτλ.
720 1932 1006 1981 „Perturbavit
1034 1931 1137 1972 haee
1166 1933 1356 1985 epitome.
1396 1934 1631 1975 Athenaeus

188 2001 270 2041 hoe
298 2000 439 2049 voluit,
468 1999 625 2052 opinor,
654 2012 798 2051 aquam
827 1998 1028 2053 ποταμοῦ
1048 1999 1174 2054 σῶμα
1205 2003 1352 2043 dixisse
1383 2003 1629 2045 Chaeremo-

188 2083 298 2119 nem,
324 2065 445 2108 Ἐπεὶ
473 2093 549 2110 —-.
606 2069 714 2109 Tum
742 2070 875 2122 pergit
903 2069 976 2115 καὶ
995 2066 1217 2123 Εὔβουλος
1242 2067 1404 2124 “Ημῶν
1434 2072 1479 2114 δὲ
1507 2073 1628 2116 πᾶσα

187 2135 370 2192 δύναμις
399 2132 570 2178 ὑδάτων
599 2133 815 2191 differat?
870 2140 1115 2182 Dindorfius.
1184 2142 1272 2182 Duo
1301 2144 1459 2196 priores
1487 2159 1627 2189 versus

186 2208 478 2251 Chaeremonis
520 2220 610 2247 esse
647 2208 712 2248 vix
741 2208 927 2249 dubitare
961 2210 1070 2251 licet.
1135 2212 1287 2253 Eubuli
1316 2219 1450 2257 autem
1479 2217 1625 2268 locum,

185 2280 228 2320 in
257 2291 338 2331 quo
366 2278 500 2330 ipsum
529 2277 630 2317 illud
647 2275 847 2330 ποταμοῦ
876 2275 1001 2331 σῶμα
1017 2281 1173 2331 riserat,
1203 2283 1398 2326 excidisse
1427 2288 1622 2340 suspicor.

184 2348 349 2388 Tertius
378 2359 520 2387 versus
549 2346 722 2387 fortasse
749 2361 883 2400 neque
899 2349 1190 2391 chael-emonis
1218 2366 1350 2405 neque
1369 2356 1518 2396 Eubuli
1547 2364 1622 2400 est.

185 2416 231 2457 lu
261 2429 310 2456 eo
340 2416 449 2467 quod
478 2420 571 2455 ante
599 2411 769 2455 ὑδάτων
798 2417 917 2469 vulgo
949 2419 1099 2471 legitur
1132 2418 1199 2470 ἐξ,
1237 2422 1387 2463 delevit:
1414 2425 1620 2481 Schweig-

182 2484 418 2525 haeuserus.
476 2486 668 2526 Ceterum
699 2487 841 2527 confer
870 2489 1057 2530 Eustath.
1089 2504 1128 2542 p.
1159 2490 1266 2530 1545
1295 2492 1375 2532 43:
1410 2491 1458 2532 τὸ
1494 2493 1540 2534 δὲ
1579 2496 1620 2545 ἐς

183 2565 383 2604 ποταμου
419 2551 606 2607 προχοάς
641 2549 741 2595 ἀντὶ
779 2554 855 2596 τοῦ
890 2551 948 2604 εἰς
984 2555 1033 2597 τὸ
1062 2556 1187 2611 σῶμα
1218 2557 1295 2598 τοῦ
1321 2563 1533 2615 ποταμοῦ.
1563 2591 1616 2600 .-

180 2618 380 2661 ἒνταῦθα
409 2619 455 2662 δὲ
479 2618 694 2677 χρήσιμον
722 2622 773 2664 τὸ
801 2621 921 2665 Ἐπεὶ
949 2625 995 2666 δὲ
1024 2625 1165 2677 σηκῶν
1200 2653 1253 2662 —
1290 2626 1614 2688 διεπεράσαμεν,

184 2685 213 2731 δ’
234 2687 287 2741 δὴ
321 2687 598 2745 Χαιρήμονος
626 2692 792 2747 λέγεται
819 2684 930 2735 εἶναι
958 2693 1036 2736 τοῦ
1063 2696 1277 2751 τραγικοῦ.
