1702 3158
186 173 267 214 154
745 167 1032 211 ΛΝΤΙΡΗΛΝ
1039 169 1087 211 IS

185 283 279 322 ctim
308 282 383 322 Iros
413 293 552 321 versus
581 279 790 331 scripsisse
820 280 1106 332 Antiphantem.
1176 278 1316 330 Itaque
1345 278 1516 319 duorum
1545 278 1627 319 fra-

184 357 439 404 gmentorum
478 354 591 390 notas
628 349 835 400 adscripsi.
906 349 1039 389 Versu
1070 352 1212 399 quarto
1244 349 1466 388 Clementis
1503 347 1627 388 ductu

184 421 325 471 scripsi
355 414 521 464 πάντας
550 415 788 469 βλέποντας
817 413 1086 469 παραλαβών
1116 412 1302 471 τυφλοὺς
1340 415 1464 457 ποιεῖ.
1533 417 1627 456 Sto-

184 489 309 528 baeus
347 485 535 540 1215(stth-
573 484 811 537 βλέποντας
849 483 1119 539 παραλαβών
1157 481 1323 533 πάντας
1363 485 1487 526 ποιεῖ.
1547 486 1627 526 Pro

186 552 371 606 πάντας,
409 569 487 608 quo
526 555 647 595 facile
686 568 893 603 caremus,
935 555 1108 596 fortasse
1147 551 1316 602 πάντως
1355 555 1628 604 scribendum,
1697 554 1700 558 ’

186 639 264 679 quo
295 627 444 665 ducere
474 626 633 665 videtur
663 626 876 674 Clemens,
917 626 984 678 qui
1013 628 1254 666 sententiam
1284 639 1363 666 non
1395 626 1518 665 verba
1546 626 1629 664 An-

184 696 360 747 tiphanis
390 695 567 734 reddens
597 696 760 747 scripsit
798 692 927 733 πλέον
968 694 1161 748 θατέρου
1197 693 1447 746 βλέποντας.
1507 695 1628 734 Cete-

182 777 271 803 rum
301 764 364 802 cfr
394 765 538 803 Cicero
571 765 624 804 de
653 765 780 804 Amic.
800 764 874 803 XV
903 765 979 804 22:
1008 779 1091 805 non
1121 767 1230 805 em‘m
1257 765 1386 804 solum
1417 766 1509 816 ipsa
1523 763 1627 802 For-

183 839 286 873 tuna
324 847 453 874 caeca
501 839 585 882 est,
630 835 705 874 sed
745 846 812 873 eos
853 835 980 873 etiam
1009 835 1251 891 plerumque
1294 835 1428 888 efficit
1470 844 1626 880 caecos,

182 915 281 957 quos
310 902 519 956 complexa
550 908 624 942 est.

347 1093 504 1142 Καλῶς
533 1094 750 1135 πένεσθαι
778 1093 946 1148 μᾶλλον
974 1089 1001 1144 ἢ
1031 1094 1231 1135 πλουτεῖν
1258 1093 1417 1143 κακῶς·

350 1175 399 1218 τὸ
427 1179 506 1231 μὲν
533 1175 615 1232 γὰρ
643 1174 760 1217 ἔλεον
788 1175 837 1218 τὸ
869 1174 917 1216 δ’
950 1174 1200 1232 ἐπιτίμησιν
1228 1178 1352 1219 ποιεῖ.

291 1280 491 1320 Stobaeus
523 1280 665 1319 Floril.
682 1279 835 1320 XCVII
867 1280 904 1319 l.
965 1280 1089 1320 Deest
1117 1281 1231 1321 locus
1261 1281 1368 1332 apud
1394 1279 1628 1321 Trincavel-

180 1351 278 1390 lum.
334 1349 555 1402 Antiphani
586 1361 679 1388 eum
709 1349 850 1388 tribuit
881 1349 1002 1389 etiam
1034 1351 1231 1391 Arsenius
1261 1350 1347 1390 Ion.
1379 1366 1417 1404 p.
1450 1350 1543 1390 138.

839 1469 984 1510 LXIII.

408 1547 559 1603 Ψυχὴν
583 1546 693 1604 ἔχειν
721 1548 790 1590 δεῖ
812 1548 1047 1591 πλουσίαν·
1079 1549 1133 1592 τὰ
1162 1551 1207 1592 δὲ
1234 1547 1437 1606 χρήματα

401 1630 529 1674 ταῦτ’
557 1630 676 1672 ἔστιν
706 1630 822 1685 ὄψις,
853 1634 1177 1688 παραπέτασμα
1206 1633 1285 1675 τοῦ
1314 1631 1426 1687 βίου.
1452 1655 1460 1661 -

292 1746 494 1786 Stobseus
522 1746 664 1786 Floril.
680 1747 812 1786 XCIII
847 1748 882 1788 l.
941 1748 990 1789 V.
1020 1753 1135 1789 notas
1164 1749 1215 1788 ad
1235 1748 1450 1789 Menandri
1465 1749 1624 1799 Fragm.

182 1830 222 1869 p.
252 1817 333 1857 246
363 1820 405 1854 et
433 1815 614 1855 Alexidis
645 1815 722 1856 inc.
753 1816 940 1857 XXXIX.

581 1999 587 2011 Ι
843 1945 986 1986 LXIV.

399 2022 531 2074 Λὺπη
559 2024 719 2079 μανίας
749 2022 974 2080 ὁμότοιχος
1002 2017 1114 2067 εἷναί
1142 2040 1219 2079 μοι
1246 2026 1372 2069 δοκεῖ.

290 2111 489 2151 Stobaeus
518 2091 659 2150 F³10rit
690 2112 823 2151 XCIX
853 2113 919 2152 27.
967 2113 1035 2152 AB
1066 2106 1332 2164 ὁμόστοιχος.
1371 2110 1626 2151 Gaisfordius

180 2181 393 2221 commode
436 2180 556 2219 affert
602 2181 794 2236 Aeschyli
843 2183 984 2233 Agam.
1029 2181 1132 2223 974:
1189 2176 1316 2228 νόσος
1358 2175 1441 2234 γὰρ
1476 2176 1627 2232 γείτων

183 2245 408 2304 ὁμότοιχος
436 2245 599 2305 ἐρείδει.

838 2361 962 2402 LXV.

343 2440 400 2482 Οἵ
421 2456 497 2495 μοι
530 2439 674 2492 τάλας,
702 2439 759 2490 ὠς
788 2439 939 2482 ἄδικον
969 2435 1076 2482 ὅταν
1103 2437 1130 2490 ἡ
1159 2442 1238 2494 μὲν
1250 2436 1398 2495 ’φύσις
1446 2478 1457 2487 ,

347 2523 451 2581 λίπῃ
482 2524 598 2575 τινὸς
626 2522 705 2575 τὴν
734 2522 867 2576 τάξιν,
897 2522 920 2565 ὁ
952 2524 996 2564 δὲ
1027 2521 1182 2579 τρόπος
1209 2524 1329 2579 μένῃ.

292 2637 491 2678 Stobaeus
522 2639 662 2678 Floril.
694 2638 806 2679 CVII
837 2637 878 2676 5.
945 2639 1071 2677 Deest
1107 2637 1222 2677 locus
1252 2637 1358 2689 apud
1389 2635 1623 2676 Trincavel-

185 2706 282 2746 lum.
341 2707 410 2747 Vs.
441 2708 467 2745 2
497 2709 617 2759 vulgo
647 2705 776 2759 μένει.
836 2707 936 2748 eod.
968 2708 1003 2747 A
1030 2703 1150 2757 μένη.
