1702 3158
193 148 279 190 424
795 141 1052 184 ALEXIDIS

197 253 398 311 ὠνόμασε
433 250 689 308 Θεόπομπος
718 250 741 292 ὁ
770 248 966 304 κωμικός.
998 279 1050 285 -—
1083 253 1152 293 Vs.
1182 253 1208 291 6
1237 247 1388 303 ὁμοίας
1417 254 1463 293 Β.
1505 253 1641 293 Ceteri

200 323 371 378 ὁμοίως.
411 351 459 357 -
501 327 570 366 Vs.
601 326 643 363 7.
675 323 914 363 Eustathius
942 336 982 373 p.
1015 322 1122 361 1522
1155 324 1230 362 10:
1272 318 1481 374 βαυκίδες,
1509 317 1565 368 ὠς
1595 317 1641 360 τό

201 394 357 451 φέλλος
385 393 430 433 ἐν
458 394 544 440 τοῖς
575 394 670 442 (sic)
700 389 902 442 βαυκίσιν
930 386 1242 442 ἐγκεκᾴττυται.
1290 418 1342 424 -
1385 393 1453 432 Vs.
1483 392 1522 431 8.
1559 392 1641 431 Eu-

201 467 373 508 stathius
408 465 435 503 l.
466 465 493 502 l.
534 457 788 513 διάβαθρον
815 460 1055 511 γυναικεῖον
1085 457 1285 513 φόρημα,
1325 457 1378 507 ὠς
1409 456 1456 498 τό
1488 455 1642 512 διάβα-

201 535 320 587 θρον
357 528 511 571 λεπτὸν
547 528 683 583 ([ορεῖ.
741 554 796 560 —-
853 531 921 571 Vs.
952 530 1005 569 12
1045 522 1285 576 εἰσιδόντας
1323 530 1557 582 Sylburgius
1593 531 1642 570 ad

202 606 456 645 Clementem
487 606 527 639 et
556 601 721 639 Grotius
754 601 966 651 Excerptis
996 600 1146 650 p.571.
1205 601 1434 640 Athenaeus
1461 593 1642 650 ἰδόντας,

203 673 425 714 Clementis
457 670 520 709 ed.
550 671 659 709 Flor.
691 662 916 713 εἰσιόντας.
963 669 1062 707 ibid.
1093 662 1231 721 ἁδρὰν
1259 669 1420 708 codices
1448 670 1644 710 Athenaei

205 743 411 782 omittunt.
453 765 503 771 -—
543 740 611 780 Vs.
646 739 696 778 13
728 733 908 784 στήθιες
939 736 1139 776 ταυταισὶ
1169 739 1290 779 APV.
1329 734 1508 786 στήθιες
1539 751 1644 777 ταυ-

204 810 308 850 τασὶ
337 812 383 850 Β.
414 805 629 854 τιτθείαις
659 805 861 845 ταυταισὶ
894 808 938 846 L.
970 803 1163 852 τιτθίαις
1192 802 1419 846 ταύταισιν
1444 810 1644 849 Clemens.

204 881 313 920 Hinc
343 875 487 918 τιτθί’
526 871 616 916 ἔστ’
649 871 824 914 αὐταῖσι
855 875 1057 915 Iacobsius
1087 876 1221 915 Addit.
1251 889 1291 928 p.
1321 877 1416 918 301.
1473 878 1644 918 Dindor-

203 950 282 988 fius
311 948 510 989 Athenaei
550 946 709 986 codices
750 949 944 996 sequutus
975 939 1130 992 στηθί’
1163 939 1254 983 ἔστ’
1284 941 1475 988 αὐταῖσι.
1539 949 1643 987 Utro

203 1018 325 1058 modo
374 1017 572 1056 scribatur
615 1015 782 1066 perinde
826 1018 900 1054 est.
974 1014 1250 1065 intellegenda
1287 1020 1421 1055 autem
1461 1021 1565 1056 sunt¹
1596 1030 1644 1056 ea

206 1098 310 1136 quae
347 1079 651 1137 προστερνίδια
691 1083 788 1122 dicit
817 1084 1018 1122 Lucianus
1060 1083 1110 1121 de
1137 1083 1277 1123 Saltat.
1306 1086 1382 1125 27:
1421 1082 1475 1123 εἰῦ
1509 1084 1644 1136 λέγειν

203 1150 510 1206 προστερνίδια
540 1150 612 1189 καὶ
637 1147 963 1204 προγαστρίδια,
993 1148 1246 1204 προσθετὴν
1273 1150 1345 1189 καὶ
1372 1150 1646 1205 ἐπιτεχνητὴν

205 1217 434 1274 παχύτητα
465 1218 859 1274 προσποιούμενος,
895 1216 951 1267 οἷς
979 1217 1037 1273 μὴ
1069 1218 1144 1258 τοῦ
1172 1215 1333 1272 μήκους
1364 1215 1387 1268 ἡ
1417 1217 1646 1276 ἀρρυθμία

205 1288 251 1330 ἒν
280 1289 418 1347 λεπτῷ
447 1289 613 1343 μᾶλλον
642 1288 867 1342 ἐλέγχοιτο.
926 1316 979 1322 -—
1037 1291 1107 1331 Vs.
1139 1291 1191 1329 14
1233 1284 1353 1342 ὀρθά
1383 1291 1646 1343 προσθεῖσαι

204 1358 385 1399 τοιαῦτα
426 1357 531 1411 γοῦν
570 1356 712 1398 αὐτῶν
747 1356 820 1407 τῆς
862 1355 1026 1404 κοιλίας
1061 1359 1310 1400 Athenaeus.
1376 1356 1516 1413 ὀρθὰ-
1545 1374 1648 1415 προ-

203 1428 370 1469 σθεῖσα
399 1425 741 1468 οὐτοντύνδυτον
770 1427 845 1476 τῆς
873 1424 1037 1475 κοιλίας
1067 1429 1270 1468 Clemens.
1320 1430 1431 1469 Idem
1463 1433 1647 1482 sequenti

204 1511 325 1540 versu
384 1493 619 1548 ἀπήγαγεν.
690 1498 932 1550 Sylburgius
974 1491 1095 1550 ὀρθὰ
1138 1496 1430 1548 προστιθεῖσα
1486 1495 1649 1539 τούτων

205 1562 442 1606 τοῦνδυτον
470 1565 545 1615 τῆς
574 1564 739 1613 κοιλίας
766 1592 819 1599 -.
849 1561 1081 1616 ἀπήγαγεν.
1150 1568 1290 1615 Recte,
1331 1570 1408 1608 nisi
1438 1570 1546 1620 quod
1575 1583 1648 1621 pro

205 1632 371 1675 τούτων
411 1638 546 1676 malim
585 1634 738 1676 ταῦτα.
813 1637 871 1674 lta
908 1637 1028 1676 etiam
1060 1638 1266 1677 Dobraeus
1299 1638 1400 1678 Adv.
1431 1639 1468 1677 11
1499 1653 1538 1692 p.
1568 1640 1649 1678 343

203 1707 283 1747 hac
311 1707 446 1746 addita
477 1712 571 1745 nota
608 1710 780 1754 „venter
823 1705 1057 1754 adducitur,
1095 1707 1149 1745 ita
1188 1713 1231 1745 ut
1271 1720 1446 1759 superne
1482 1713 1647 1758 tumeat,

207 1788 288 1827 quo
332 1788 548 1814 mammosa
587 1774 807 1814 videatur.”
879 1775 1044 1813 Interim
1086 1775 1185 1813 nihil
1225 1781 1381 1815 mutare
1411 1789 1530 1816 ausus
1561 1791 1648 1818 sum

209 1845 286 1884 nisi
318 1839 566 1883 τοῦνδυτον.
603 1867 651 1872 —
685 1843 753 1883 Vs.
773 1843 824 1880 19
854 1840 980 1880 τοῦτο
1012 1844 1215 1883 Clemens.
1247 1845 1366 1896 Apud
1396 1847 1649 1888 Athenaeum

205 1909 329 1951 τοῦτ’
359 1909 467 1950 αὐτὸ
498 1915 579 1952 BC.
621 1906 755 1950 ταύτὸ
786 1912 902 1951 PVL.
949 1907 1126 1949 δεικνύει
1156 1914 1355 1953 Clemens.
1401 1941 1454 1947 —-
1498 1917 1563 1956 Vs.
1595 1918 1645 1955 21

204 1978 412 2034 θεωροῖσ’
444 1983 646 2021 Clemens.
678 1979 887 2032 θεωροῐεν
915 1982 1163 2022 Athenaeus.
1194 2007 1245 2013 —
1283 1984 1351 2024 Vs.
1382 1984 1435 2022 22
1466 1981 1655 2023 διατελεῖ

208 2051 410 2091 Clemens.
443 2052 675 2090 Athenaeus
706 2047 778 2087 διὰ
810 2048 966 2096 τέλους.
1011 2076 1066 2084 --
1110 2053 1177 2091 Vs.
1208 2052 1261 2090 23
1291 2057 1331 2091 et
1360 2054 1412 2091 24
1443 2048 1568 2091 ἔνδον
1596 2080 1650 2086 —

206 2116 362 2171 κρανία
395 2121 543 2158 omittit
573 2121 776 2159 Clemens.
819 2120 861 2158 ln
893 2114 1103 2171 ξυλήφιον
1132 2126 1172 2159 et
1203 2122 1424 2161 Clementis
1454 2127 1494 2161 et
1524 2124 1649 2162 Athe-

207 2191 298 2231 naei
338 2190 428 2230 libri
468 2190 736 2228 consentiunt.
811 2191 954 2240 Neque
994 2192 1121 2229 ausim
1161 2191 1202 2228 id
1241 2203 1331 2229 cum
1361 2192 1565 2231 Lobeckio
1601 2194 1648 2232 ad

206 2259 360 2310 Phr-yn.
392 2273 430 2310 p.
454 2259 508 2298 78
538 2259 577 2298 in
609 2255 815 2308 ξυλυιμον
845 2267 1013 2307 mutare,
1044 2261 1157 2298 cuius
1189 2261 1359 2299 nominis
1390 2266 1433 2299 ut
1462 2262 1650 2302 similium

207 2328 386 2368 eiusdem
427 2328 633 2366 commatis
673 2329 986 2378 antepenultima
1018 2330 1156 2368 dubito
1187 2342 1281 2368 num
1314 2330 1480 2380 produci
1510 2332 1649 2382 possit.

203 2397 382 2447 Etymol.
416 2398 473 2436 M.
515 2398 650 2444 verba,
685 2391 923 2447 Ξυλήᾳιον;
966 2394 1250 2449 δοκιμώτερον
1285 2396 1329 2435 δὲ
1369 2395 1416 2436 τὸ
1453 2397 1652 2447 ξυλήφιον

203 2463 276 2506 καὶ
305 2460 529 2517 ξυλάριον,
560 2478 661 2516 quae
682 2466 908 2506 Lobeckius
939 2469 993 2507 ita
1023 2469 1171 2520 corrigi
1205 2468 1376 2515 volebat,
1408 2461 1645 2521 Ξυλύφιονε

206 2531 493 2586 δοκιμώτερον
523 2532 566 2571 δὲ
600 2531 647 2571 τὸ
678 2529 884 2585 ξυλύφιον
913 2535 985 2573 καὶ
1015 2532 1234 2588 ξυλοὲριον,
1273 2538 1415 2577 eodem
1451 2539 1571 2578 modo
1606 2545 1650 2578 ut

202 2605 324 2656 vulgo
374 2605 523 2656 scripta
571 2609 664 2642 sunt
712 2605 902 2656 leguntur
945 2606 1051 2657 apud
1093 2606 1422 2647 Choeroboscum
1468 2608 1649 2648 Crameri

201 2673 355 2717 Anecd.
387 2672 425 2712 11
456 2685 496 2723 p.
528 2673 610 2712 242
643 2675 710 2713 29.
779 2674 859 2714 Pro
897 2669 1118 2727 ξυλήριον,
1158 2676 1265 2729 quod
1304 2677 1530 2719 certissime
1559 2690 1648 2718 cor-
