1702 3158
209 161 293 204 62⁰
778 161 1068 204 XENARCHI

210 271 435 324 ignorabat,
463 271 578 312 cuius
607 271 700 311 vide
730 271 865 312 Praef.
897 285 937 324 p.
967 273 1043 313 XX
1073 273 1139 313 cll.
1168 274 1404 315 Hermanno
1434 275 1569 318 Praef.
1598 279 1649 320 ad

208 341 326 381 Drac.
357 341 479 380 Strat.
508 353 548 392 p.
577 339 725 381 XXIV.
761 364 814 373 —-
845 342 915 383 Vs.
945 342 997 381 21
1029 345 1138 383 totus
1167 356 1216 383 ex
1247 344 1452 396 Euripidis
1481 347 1649 400 Hippoi.

207 410 237 450 k
267 410 295 450 l.
333 409 495 450 effictus
535 412 617 457 est,
655 402 707 447 αἲ
739 406 826 456 πῶς
866 403 967 449 ποτ’
997 398 1032 449 ὦ
1069 409 1276 452 δέσποινα
1316 412 1472 453 ποντία
1506 412 1650 471 Κύπρι

206 476 294 519 κτλ.
355 502 403 508 ——-
456 479 526 519 VS.
556 479 611 517 23
639 476 931 532 Δρακοντείων
960 474 1117 533 νόμων.
1175 483 1238 522 1)ε·,
1267 484 1461 524 Draconis
1490 486 1647 539 legibus

207 548 248 590 in
277 548 471 589 moechos
500 547 599 587 dixit
629 548 832 602 Taylorus
862 550 994 591 Lectt.
1024 551 1119 603 Lys.
1149 564 1191 603 p.
1219 553 1301 592 803
1329 553 1394 594 ed.
1425 554 1523 595 Rsk.

837 685 890 726 Il.
948 685 1022 726 ΠΙ.

422 762 549 818 Ἐμοὶ
577 763 743 818 γένοιτο
773 764 853 806 σοῦ
882 763 1029 818 ζώσης,
1061 765 1223 821 τέκνον,

418 842 649 903 ἐλεύθερον
677 848 865 890 πιοῦσαν
892 841 1013 891 οἶνον
1041 849 1304 893 ἀποθανεῖν.

411 925 577 986 “Ὀρκον
605 930 653 972 δ’
679 930 756 986 ε’γώ
789 931 990 986 γυναικὸς
1018 927 1078 982 εἰς
1107 924 1226 974 οἶνον
1253 929 1419 990 γράφω.

313 1044 552 1085 Athenaeus
578 1043 617 1084 X
645 1057 686 1097 p.
713 1045 796 1084 440
813 1058 860 1085 e:
903 1037 969 1084 ὅτι
999 1043 1045 1083 δὲ
1077 1043 1275 1097 φίλοινον
1303 1042 1352 1083 τό
1383 1042 1468 1083 τῶν
1496 1055 1645 1096 γυναι-

201 1110 288 1153 κῶν
315 1112 435 1165 γένος
463 1106 620 1153 κοινόν.
677 1109 753 1152 οὐκ
781 1111 1020 1168 ἀχαρίστως
1049 1112 1094 1153 δὲ
1122 1113 1196 1153 καὶ
1225 1110 1249 1153 ὁ
1278 1108 1487 1167 Ξέναρχος
1514 1111 1560 1152 ἐν
1588 1111 1647 1169 τῷ

201 1178 451 1237 Πεντάθλῳ
465 1177 652 1235 γυναῖκά
673 1195 770 1222 τινα
799 1177 964 1235 εἰσάγει
987 1179 1276 1237 φρικτότατον
1302 1175 1429 1236 ὅρκον
1457 1177 1643 1231 ὀμνύου-

200 1263 287 1293 σαν
314 1248 438 1291 τόνδε
466 1247 596 1304 Ἐμοί
623 1251 711 1294 κτλ.
767 1249 1029 1307 Ἐλεύθερον
1057 1242 1177 1292 οἶνον
1205 1248 1344 1293 πίνειν
1372 1253 1470 1293 dicit
1498 1253 1644 1292 mulier

200 1323 386 1364 bibacula
414 1335 490 1375 pro
520 1336 569 1363 eo
599 1323 708 1375 quod
739 1325 978 1376 expectabat
1007 1317 1240 1376 ἐλεύθερον
1268 1315 1402 1375 ὕδωρ,
1440 1335 1545 1374 quae
1579 1334 1643 1362 sa-

199 1394 251 1433 tis
288 1392 482 1444 frequens
519 1391 680 1431 dicendi
717 1392 848 1433 forma
886 1399 950 1433 eet
988 1394 1039 1433 de
1078 1394 1205 1433 servis
1243 1394 1432 1432 libertate
1470 1391 1642 1440 donatis,

197 1463 251 1504 de
280 1474 359 1515 qua
386 1461 480 1501 vide
508 1461 559 1500 ad
586 1462 752 1514 Antiph.
782 1476 822 1515 p.
854 1463 906 1502 12
936 1467 977 1503 et
1005 1463 1290 1503 Casaubonum
1320 1462 1371 1502 ad
1399 1460 1549 1502 Athen.
1581 1460 1647 1500 ΙΙΙ,

198 1546 240 1587 p.
269 1532 352 1571 123
368 1544 404 1571 c.
445 1530 515 1583 qui
554 1534 688 1571 tamen
725 1531 930 1572 Xenarchi
958 1533 1081 1572 verba
1108 1545 1188 1572 non
1218 1536 1329 1571 recte
1354 1531 1643 1583 interpretatur

197 1605 274 1644 ita:
304 1604 481 1650 utinam,
503 1601 748 1654 priusquam
775 1603 952 1651 moriar,
979 1601 1216 1642 libertatem
1237 1601 1394 1654 possim
1421 1598 1643 1652 consequi!

201 1674 287 1714 lmo
316 1672 422 1710 iurat
452 1670 690 1710 muliercula
730 1684 775 1709 se
806 1673 868 1710 vel
897 1677 1137 1723 recuperata
1172 1671 1361 1710 libertate
1391 1669 1493 1709 mori
1522 1668 1640 1717 velle,

198 1743 354 1784 scilicet
382 1740 458 1780 nisi
487 1740 567 1779 hoc
597 1741 660 1779 vel
688 1741 788 1779 illud
819 1741 975 1782 fecerit.
1046 1742 1133 1781 Nec
1170 1753 1265 1779 vero
1302 1739 1425 1778 fidem
1463 1738 1641 1778 habitam

197 1826 290 1854 esse
318 1811 488 1858 iuranti,
522 1809 671 1849 indicio
701 1815 762 1850 est
791 1812 859 1862 qui
890 1811 941 1850 de
971 1811 1113 1850 eadem
1142 1811 1314 1850 muliere
1342 1809 1640 1861 intellegenda·
1700 1819 1702 1867 ἐ

195 1884 358 1925 videtur
394 1879 601 1920 Xenarchi
638 1891 778 1920 versus
815 1881 865 1919 ab
894 1880 1106 1921 Athenaeo
1144 1884 1326 1920 servatus
1354 1879 1391 1919 X
1427 1893 1467 1931 p.
1497 1878 1640 1919 441ex

196 1948 406 2004 Ξέναρχος
438 1943 698 2002 Πεντάθλῳ,
1697 1941 1702 2007 ξ

407 2010 573 2071 “Ὀρκον
603 2011 650 2055 δ’
682 2013 758 2067 ἐγώ
791 2013 990 2068 γυναικὸς
1018 2011 1077 2065 εἰς
1106 2007 1226 2057 οἶνον
1253 2012 1420 2070 γράφω.
1697 2005 1702 2056 Ἴ

199 2091 281 2132 Ubi
318 2089 458 2129 itidem
498 2091 541 2126 ut
588 2087 844 2126 bibacitatem
881 2088 1144 2128 mulierculae
1181 2088 1476 2140 perstringeret
1519 2075 1638 2125 οἶνον

196 2159 404 2201 substituit
447 2170 522 2210 pro
565 2149 693 2209 ὕδωρ.
765 2157 978 2197 nonanus
1023 2158 1130 2210 apud
1175 2158 1364 2198 munium
1407 2157 1512 2196 nihi.
1555 2157 1637 2197 279

196 2244 238 2283 p.
266 2230 349 2268 530
380 2229 459 2267 16:
501 2222 523 2266 ὁ
564 2223 708 2278 στίχος
745 2221 768 2264 ὁ
808 2225 882 2265 καὶ
918 2223 1306 2280 παροιμιαζόμενος
1341 2218 1519 2279 ,,ὁ’ρκους
1557 2221 1633 2277 ἐγώ
1667 2223 1702 2263 Ἴ

196 2293 396 2352 γυναικὸς
433 2290 490 2343 εἰς
530 2288 644 2349 ὕδωρ
682 2291 860 2349 γράφω”
899 2294 990 2335 ἐστὶ
1030 2298 1109 2349 μὲν
1137 2296 1409 2350 Σοφοκλέους
1438 2321 1491 2333 ——
1521 2294 1563 2336 οἱ
1591 2292 1636 2335 δὲ
1688 2285 1702 2349 ζὲ

196 2365 274 2416 τὰς
300 2366 504 2420 γυναῖκας
535 2362 801 2413 σκώπτοντες
831 2377 969 2418 φασιν
1687 2349 1702 2428 {²

414 2429 564 2488 ὅρκους
594 2432 668 2486 ἐγώ
703 2434 915 2485 γυναικῶν
944 2429 1002 2482 εἰς
1031 2425 1176 2474 οἶκτον
1205 2429 1370 2488 γράφω,
1684 2435 1691 2483 ξ

197 2509 267 2550 ubi
306 2512 419 2548 recte
459 2507 642 2558 Scaliger
679 2502 879 2556 γυναικὸς
919 2510 960 2544 et
988 2494 1108 2544 οἶνον
1139 2505 1324 2545 correxit.
1391 2503 1502 2543 Idem
1540 2516 1634 2556 pro·
1685 2487 1702 2547 Ἴ

196 2577 379 2619 verbium
415 2576 582 2629 respicit
621 2575 876 2627 Phrynichus
915 2577 1062 2628 Appar.
1093 2574 1211 2626 soph.
1239 2589 1279 2626 p.
1307 2573 1362 2613 55
1393 2574 1471 2613 17:
1509 2564 1642 2625 ὅρκον,
1681 2553 1688 2634 Ἴ

196 2643 397 2700 γυναικὸς
435 2639 494 2692 εἰς
533 2638 649 2697 ὕδωρ
678 2641 760 2698 χρὴ
797 2639 996 2698 γράφειν;
1031 2636 1100 2683 ὅτι
1140 2639 1338 2683 άπιστεῖν
1374 2641 1542 2695 γυναικὶ
1572 2639 1639 2682 δεῖ

197 2711 429 2770 ἀμνυούσῃ.
503 2714 576 2758 err
620 2715 670 2756 ad
709 2714 934 2759 Philonidis
970 2715 1131 2767 Fragm.
1171 2727 1210 2768 p.
1241 2714 1336 2756 423.
1407 2713 1452 2754 Si
1495 2724 1632 2756 vernus
1664 2720 1683 2758 'j
