1702 3158
225 200 303 239 190
751 194 1159 234 ANAXANnmmS

225 310 341 350 Am‘.
381 304 600 354 διακόψειε
628 305 748 345 CVL.
791 304 888 342 Fuit
917 305 985 355 qui
1015 297 1240 352 ὃιακόι]νει’
1273 297 1327 340 ἂν
1355 303 1476 342 scribi
1505 305 1662 353 mallet3

225 380 297 416 sed
329 382 438 415 recte
468 376 618 426 legitur
648 365 908 423 διακόψειεν.
968 374 1145 417 Utinam,
1174 373 1324 421 inquit,
1355 385 1452 422 grus
1481 374 1551 412 illa
1580 379 1664 413 toto

200 458 395 496 ‘corpore
445 444 650 496 perforato
704 441 879 479 frontem
930 442 1123 492 impudici
1170 442 1276 478 illius
1329 442 1555 490 pertundat.
1612 468 1666 476 -..

225 515 293 553 Vs.
311 515 363 551 69
394 502 504 550 οῗιοι
541 512 660 549 ACP.
691 498 805 574 οἶνος
835 509 919 549 VL.
950 509 1057 547 unde
1090 509 1292 547 lacobsius
1321 506 1435 554 οἰνος
1465 504 1512 546 δ’
1546 506 1667 550 ἔσται

225 579 380 627 ὶεῑκός.
440 583 472 620 Ε
481 579 675 618 rl'urdtius
718 589 828 616 οινοι
866 574 914 615 δ’
949 573 1010 615 ἑτι
1049 589 1118 615 σοι
1156 573 1299 624 ὶεῑκός
1373 579 1574 618 Lacunam
1605 580 1666 619 la-

225 652 384 690 cobsius
427 662 500 700 per
542 642 757 697 μτιλακός,
815 646 1049 686 Erfurdtius
1094 659 1165 698 per
1205 644 1391 698 ἐρυθρὸς
1439 648 1666 699 explebant.

227 720 360 757 Minus
400 717 663 768 probabiliter
702 717 912 755 Dobraeus
950 704 1059 753 οἶνοι
1097 713 1142 753 δέ
1172 714 1216 766 γέ
1246 728 1315 755 σοι
1346 711 1496 764 γλυκύς
1530 742 1585 749 —-
1620 722 1665 756 ut

223 785 366 832 λευκὸς
395 788 446 824 sit
477 787 583 824 varia
614 786 748 825 lectio.

441 981 578 1040 Μὺρῳ
609 984 652 1024 δὲ
683 982 800 1036 παρὰ
831 984 1041 1037 Πέρωνος,
1071 975 1200 1037 οὗπερ
1227 979 1413 1024 ἀπέδοτο

441 1067 568 1119 ἐχθές
600 1064 855 1122 Μελανώπῳ
885 1065 1140 1113 πολυτελοῦς
1171 1062 1425 1118 Αἰγυπτίου,

443 1141 474 1204 ᾦ
505 1149 581 1188 νῦν
610 1148 774 1202 ἀλείᾳει
806 1147 904 1196 τοῖ’-ς
931 1146 1069 1196 πόδας
1106 1146 1443 1203 Καλλιστράτου.

334 1260 569 1300 Athenaeus
598 1262 675 1300 Xll
707 1276 744 1313 p.
776 1261 857 1299 553
874 1260 911 1299 d.
944 1260 995 1298 de
1024 1271 1136 1298 more
1166 1259 1290 1311 pedes
1319 1261 1532 1312 unguentis
1563 1260 1663 1299 deli-

223 1328 371 1366 buendi
404 1330 639 1369 disserens:
675 1325 1021 1380 Ἀναξανδρίδης
1051 1322 1100 1364 δ’
1132 1326 1177 1365 ἐν
1208 1324 1494 1383 Πρωτεσιλάῳ
1525 1324 1664 1383 Μύρῳ

222 1394 310 1435 κτλ.
373 1399 556 1438 Eundem
599 1401 729 1438 locum
760 1398 892 1437 attulit
922 1398 996 1437 XV
1027 1410 1065 1448 p.
1096 1398 1177 1436 690
1192 1411 1225 1436 a.
1266 1399 1335 1436 ubi
1367 1411 1421 1437 vs.
1456 1399 1475 1436 1
1514 1398 1664 1449 legitur

222 1460 360 1516 μύρον
390 1478 429 1502 τε
462 1480 509 1506 ex
540 1469 622 1507 AB.
659 1462 795 1518 μύρον
825 1465 1015 1505 ‹is-Cant.
1048 1466 1092 1504 L.
1138 1464 1337 1517 Πέρωνος
1366 1467 1434 1507 ΑΒ
1464 1471 1505 1504 et
1534 1467 1661 1505 altero

223 1534 314 1572 loco
344 1535 596 1584 Athenaeus,
628 1538 697 1576 ubi
726 1537 858 1575 addit:
887 1530 1144 1586 μνημονεύει
1173 1533 1249 1572 τοῦ
1275 1532 1531 1587 μυροπώλου
1559 1529 1662 1572 τού-

224 1613 302 1640 του
329 1600 406 1640 τοῦ
434 1601 636 1657 Πέρωνος
673 1605 765 1642 zai·
781 1601 1037 1654 Θεόπομπος
1065 1602 1110 1640 ἐν
1135 1599 1346 1656 ’Λδμὴτῳ
1375 1602 1448 1641 καὶ
1473 1597 1660 1655 Ἡδυχά-

225 1683 300 1722 ρει.
342 1671 445 1711 PVL
477 1668 703 1723 ΙΙάρωνος.
759 1699 814 1705 —
873 1674 940 1711 Vs.
971 1674 997 1710 2
1036 1665 1294 1721 Αἰγυπτίου,
1332 1662 1364 1726 ᾧ
1392 1669 1468 1709 νῦν
1497 1668 1661 1723 ἀλείφει

223 1738 453 1779 restitutum
495 1754 543 1780 ex
583 1743 676 1781 690.
734 1738 780 1779 ἐν
816 1734 972 1794 αἰπτίῳ
1012 1736 1258 1792 συναλείφει
1284 1742 1331 1780 Λ.
1389 1738 1436 1777 ἐν
1471 1734 1662 1779 αιπτιώω

224 1803 473 1858 συναλείᾳει
502 1810 547 1848 Ρ.
603 1807 650 1847 ἐν
684 1803 894 1863 αι’γυπτίῳ
934 1802 966 1863 ᾧ
993 1804 1241 1860 συναλείφει
1270 1810 1315 1847 Β.
1374 1806 1418 1845 ἐν
1452 1803 1662 1863 αἰγυπτίῳ

223 1872 469 1928 συναλείφει
485 1878 570 1918 Vt..
600 1878 853 1930 Dindorfius.
912 1879 1167 1928 Melanopus,
1197 1877 1310 1915 cuius
1341 1878 1550 1916 mollitiem
1581 1878 1660 1919 hoc

223 1946 312 1983 loco
352 1946 479 1996 tangit
519 1947 843 1995 Anaxandritles,
890 1959 968 1985 una
1007 1960 1097 1986 cum
1134 1946 1369 1995 Callistrato
1405 1946 1660 1997 Apliidnaeo,

223 2021 384 2052 oratore
418 2015 698 2063 celeberrimo,
729 2028 900 2066 quocum
936 2021 1150 2067 perpetuas
1180 2016 1405 2054 simultates
1434 2015 1660 2063 exercebat,

221 2086 261 2119 at
289 2082 343 2120 ita
374 2088 506 2121 tamen
547 2090 590 2122 ut
629 2085 717 2123 aliis
758 2085 1005 2135 temporibus
1042 2097 1180 2123 rursus
1208 2085 1249 2123 in
1281 2084 1367 2122 eius
1397 2088 1531 2134 partes
1561 2095 1657 2122 con-
1700 2095 1702 2097 ·

218 2151 383 2189 cederet
413 2152 530 2202 eique
561 2153 808 2200 adularetur,
834 2152 1140 2203 aXenoplnonte
1170 2153 1333 2191 Hellen.
1352 2153 1404 2191 Vl
1435 2153 1462 2190 3
1491 2153 1516 2190 2
1545 2164 1657 2190 com-

217 2225 464 2259 memoratur
503 2222 543 2260 in
581 2222 724 2272 legatis
754 2222 938 2272 Spartam
982 2221 1112 2259 missis
1143 2221 1302 2272 Olymp.
1334 2221 1407 2259 Cll
1437 2222 1478 2259 2.
1533 2220 1657 2259 Calli-

215 2288 328 2327 strati
368 2289 408 2328 in
449 2301 541 2328 eum
580 2291 803 2329 orationem
842 2295 1038 2328 memorat
1074 2289 1313 2329 Aristoteles
1357 2290 1525 2328 lllietor.
1555 2288 1572 2327 1
1604 2286 1657 2326 15

216 2361 257 2394 et
290 2358 532 2397 Plutarchus
565 2360 611 2399 V.
643 2359 852 2398 Demostb.
882 2371 970 2409 cap.
993 2359 1058 2397 13.
1115 2358 1175 2397 De
1205 2370 1253 2396 eo
1284 2358 1398 2409 plura
1428 2357 1519 2395 vide
1548 2356 1655 2407 apud
1692 2351 1694 2353 ’

215 2424 481 2476 Droysenium
522 2428 572 2466 de
606 2427 829 2478 Psephism.
859 2428 899 2465 in
935 2426 1141 2465 Demosth.
1173 2432 1272 2465 orat.
1303 2427 1354 2464 de
1390 2437 1471 2463 cor.
1501 2437 1540 2474 p.
1573 2424 1654 2462 132

214 2496 255 2531 et
284 2493 363 2532 Th.
384 2495 598 2545 Bergidum
628 2497 854 2535 comment.
884 2509 923 2546 p.
941 2495 1035 2542 405,
1066 2496 1134 2545 qui
1166 2501 1409 2546 postremum
1441 2492 1654 2544 fragmenti

212 2573 373 2600 versum
415 2570 526 2604 recte
564 2564 615 2603 de
661 2564 870 2615 Melanopi
904 2564 945 2603 in
983 2564 1254 2603 Callistratum
1291 2561 1483 2612 obsequio
1526 2561 1652 2602 inter-

213 2632 411 2680 pretatur.
