1702 3158
494 129 760 173 FABULAE
792 125 1104 172 mmmmm.
1456 129 1542 171 821

53 248 157 292 locis
189 252 232 290 et
260 245 444 301 suppleri
474 249 518 287 et
546 243 759 286 emendari
790 243 959 298 poterit.
1029 240 1137 284 Sunt
1165 243 1304 283 autem
1334 253 1429 284 cum
1457 243 1539 286 alia

53 321 97 362 in
126 320 209 361 illis
241 322 436 371 corrupta
465 321 552 358 tum
569 317 746 357 maxime
776 315 902 357 verba
917 313 1120 355 Doloram
1149 316 1192 353 et
1210 311 1404 367 Operam,
1435 325 1539 367 quo-

52 404 146 432 rum
191 391 233 432 in
278 391 416 430 locum
465 387 645 442 Operam
688 386 1024 428 substituendum
1071 384 1273 426 existimo.
1353 385 1537 438 oporam

51 475 151 503 vero
195 461 406 514 aptissime
434 472 457 500 a
486 459 594 500 Sirio
624 462 800 499 amatam
842 457 945 511 fingi
975 459 1143 509 praeter
1180 455 1428 497 sententiam
1458 456 1536 497 toti

50 532 218 574 fabulae
256 531 483 572 subiectam
520 529 642 570 docet
672 530 894 570 etesiarum
923 527 1155 576 memoria,
1194 538 1370 579 quorum
1408 527 1532 569 flatus

52 609 197 644 exorto
228 603 336 644 Sirio
376 601 542 655 rapidos
571 601 738 642 aestatis
766 600 938 641 ardores
968 597 1188 651 frangebat
1229 602 1354 652 atque
1382 602 1430 639 ut
1459 610 1534 640 au-

51 674 210 715 ctumni
246 673 408 713 fructus
446 666 660 726 (ὀπώρα)
698 674 1026 711 maturescerent
1063 668 1287 710 efficiebat.
1345 669 1407 710 Ac
1445 668 1534 710 for-

50 748 160 785 tasse
191 744 315 784 etiam
346 743 534 792 fabulae,
566 756 616 782 ex
647 755 726 795 qua
756 742 827 781 illa
856 741 1041 781 derivata
1071 743 1189 789 sunt,
1222 738 1403 793 Oporam
1431 740 1533 781 titu-

47 814 135 854 lum
163 813 323 853 fecerat
352 818 492 866 poeta.
556 813 718 853 Eodem
749 812 886 852 indice
915 810 1101 852 Alexidis
1131 810 1274 850 drama
1303 810 1531 862 ferebatur,

45 883 156 938 quod
187 896 312 936 quum
342 883 582 925 Athenaeus
619 883 663 923 in
702 883 754 923 iis
785 881 1010 922 comoediis
1047 880 1341 921 memoraverit
1369 892 1476 933 quae
1505 894 1531 923 a

45 954 334 997 meretricibus
378 966 531 994 nomen
573 955 847 1007 acceperuut,
902 951 1104 1006 suspicari
1147 951 1249 992 licet
1291 950 1443 992 fecisse
1484 950 1529 993 id

45 1025 308 1067 Athenaeum
356 1025 466 1077 quod
504 1024 645 1065 Alexis
683 1024 919 1078 Nympham
957 1023 1140 1076 Operam
1179 1022 1411 1063 meretrici·
1451 1022 1527 1064 ha-

43 1097 133 1137 bitu
182 1096 369 1136 indutam
410 1095 686 1148 produxerat,
728 1094 1018 1148 Aristophanis
1065 1093 1245 1134 fortasse
1291 1094 1528 1147 exemplum

45 1170 269 1219 sequutus,
301 1166 372 1218 qui
403 1166 584 1219 Oporam
615 1171 658 1208 et
687 1166 938 1216 Theoriam,
969 1165 1112 1206 [renes
1142 1165 1336 1214 comites,
1366 1169 1526 1206 scorto·
1572 1189 1588 1194 -

45 1249 137 1277 rum
167 1236 309 1277 habitu
339 1237 382 1278 in
410 1250 575 1278 scenam
604 1239 787 1291 protulit.
825 1237 875 1279 V.
892 1237 1024 1277 schol.
1041 1236 1158 1276 Pacis
1188 1235 1286 1276 705.
1303 1235 1401 1276 842.
1422 1235 1523 1278 849.

45 1308 240 1348 Ceterum
281 1307 334 1346 de
364 1307 503 1360 Opora
545 1308 690 1349 confer
719 1308 983 1350 Welckerum
1021 1307 1062 1346 in
1101 1307 1207 1347 libro
1250 1306 1317 1346 cui
1355 1307 1523 1347 titulum

39 1375 141 1418 fecit
183 1377 426 1418 Zeitschrift
465 1377 536 1419 fiir
579 1379 833 1422 Geschichte
877 1378 960 1420 und
992 1377 1237 1433 Auslegung
1287 1377 1363 1418 der
1408 1377 1522 1419 alten

39 1447 175 1491 Kuust
203 1448 284 1492 vol.
316 1448 336 1490 1
363 1461 406 1504 p.
435 1448 521 1491 500
548 1462 638 1505 sqq.

86 2746 252 2786 Comoed.
275 2754 363 2789 med.
1182 2746 1237 2788 21
