1702 3158
501 123 954 172 ANAXANuRmuS.

335 461 1078 526 ANAXANDRIDE
1094 460 1161 520 S.

507 672 984 717 ΑΓΧΙΣΗΣ.

9 767 132 809 Nulla
159 765 318 818 uspiam
347 776 574 814 servorum,
604 763 750 811 amice,
781 765 843 801 est
873 760 1038 811 civitas:

8 837 83 879 sed
110 837 293 877 Fortuna
323 835 533 874 hominum
562 834 673 875 varie
704 836 928 873 commutat
957 835 1131 871 statum:

7 907 124 948 multi
152 906 278 945 hodie
308 906 508 946 libertatis
538 908 730 957 expertes
761 906 903 955 agunt,

7 978 80 1020 sed
111 977 335 1018 Sunienses
364 988 454 1016 cras
485 980 620 1024 erunt,
651 974 851 1028 perendie

7 1048 88 1090 fori
119 1047 362 1101 participes:
391 1046 451 1086 sic
482 1046 792 1099 gubernaclum,
823 1049 870 1085 ut
899 1043 1029 1092 lubet,

9 1120 192 1162 Fortuna
223 1119 371 1171 cuique
402 1121 550 1157 versat.

468 1279 1028 1323 ΘΗΣΑΥΡΟΣ.

13 1371 281 1424 Conscriptor
310 1369 427 1410 scolii
457 1368 648 1409 carminis
680 1369 821 1422 quiqui
852 1368 944 1419 fuit,

12 1443 121 1498 quod
150 1443 256 1482 bene
286 1441 422 1481 valere
452 1440 590 1493 posuit
618 1440 660 1480 in
691 1441 824 1493 primo
855 1441 963 1490 loco,

13 1515 121 1555 bene
148 1512 271 1552 fecit:
302 1517 343 1551 at
372 1511 560 1564 pulcrum
592 1523 684 1550 esse
715 1523 808 1551 cum
837 1511 937 1551 facit
968 1511 1157 1561 alterum,

16 1589 59 1625 et
88 1583 251 1623 divitem
281 1595 373 1622 esse
401 1581 584 1631 tertium,
612 1581 762 1622 insanit
792 1583 927 1633 nimis,

16 1667 108 1696 nam
137 1652 303 1694 foedum
333 1656 395 1692 est
424 1651 573 1693 animal
603 1653 779 1706 pulcher
809 1666 932 1706 quem
961 1657 1082 1694 vexat
1101 1636 1259 1694 rames.

435 1816 1059 1862 ΚΥΝΗΓΕΤΑΙ.

16 1904 252 1951 Pnedulce
269 1911 415 1961 gnatus
445 1906 514 1958 qui
545 1905 656 1946 domi
687 1907 795 1959 capit
825 1908 972 1948 sibum.

493 2072 528 2114 O
559 2073 594 2115 A
622 2073 665 2114 'Y
695 2073 738 2113 Σ
763 2074 807 2115 Σ
833 2075 876 2116 Ε
908 2076 946 2116 Y
967 2076 1019 2119 Σ.

23 2161 215 2215 Excipitis
243 2162 346 2203 alter
377 2161 551 2201 alterum
583 2161 790 2202 dicteriis:

23 2236 86 2273 snt
111 2244 188 2286 ego
217 2246 288 2273 vos
318 2233 427 2273 novi.
486 2233 554 2285 qui
586 2232 775 2286 specioso
806 2245 980 2287 corpore
1012 2240 1087 2285 est,

28 2313 162 2343 sacras
190 2304 343 2344 vocatis
362 2305 538 2356 nuptias.
598 2303 787 2355 pusillior

27 2375 91 2412 est
118 2373 291 2425 aliquis?
321 2379 492 2427 guttam.
551 2374 667 2415 vultu
694 2374 806 2414 forte
836 2376 992 2416 tristior

25 2441 174 2483 incedit
201 2445 445 2497 quisquam?
474 2445 675 2485 naeniam.
737 2446 840 2486 alius
871 2449 1047 2489 crassior

30 2511 79 2552 fit
103 2511 202 2554 iuris
227 2514 322 2556 offa.
381 2516 534 2569 gaudet
565 2516 710 2568 aliquis
740 2518 967 2559 sordibus?

31 2581 159 2635 pulvis
183 2588 363 2626 vocatur.
423 2587 549 2628 alium
580 2591 762 2628 sectatur
793 2589 1026 2640 frequens?

31 2651 124 2694 hnic
150 2654 285 2717 lembo
314 2670 478 2704 nomen.
534 2658 776 2700 incoenatus
807 2660 1073 2702 obambulat?

33 2721 189 2768 ieiunus
218 2727 346 2781 mugil
374 2733 450 2770 est.
507 2734 666 2783 spectat
695 2730 896 2772 curiosius

1395 122 1520 164 667·
