1702 3158
306 194 762 243 ΦΙΛΟΚΤΗΤΗΣ.
827 190 1242 239 ΦΙΛΟΜΗΤΩΡ.
1434 200 1518 241 129

415 349 1132 398 ΦΙΛΟΚΤΗΤΗΣ.

252 473 412 535 Σοφόν
439 478 487 533 γέ
516 474 586 520 τοί
614 491 658 520 τι
687 474 796 532 πρὸς
824 473 875 518 τὸ
905 471 1132 530 βουλεύειν
1161 472 1251 530 ἔχει

252 561 303 605 τὸ
331 562 484 621 γῆρας,
514 562 569 613 ὡς
602 560 656 614 δή
691 557 821 604 πόλλ’
855 556 954 604 ι’ὃόν
982 574 1028 603 τε
1058 560 1134 602 καὶ
1162 554 1338 602 παθόν.

142 679 346 720 Stobaeus
375 680 521 721 Floril.
552 679 665 722 CXV
696 678 751 719 15
782 690 877 720 cum
905 676 1103 718 lemmate
1127 668 1438 730 Ἀντιφάνους
1467 669 1513 711 ἐκ

33 745 327 799 Φιλοκτήτου.
387 750 437 792 V.
468 750 578 790 Hist.
609 750 700 790 crit.
732 763 774 803 p.
793 750 890 791 316.
950 748 1041 790 Nisi
1070 747 1183 790 forte
1211 759 1365 790 nomen
1393 743 1514 786 fabu-

28 821 94 862 Iae
126 833 177 861 ex
213 815 404 867 Ψιλῶτις
433 824 674 873 corruptum
705 824 781 861 est.

639 938 903 946 -4————--

411 1044 456 1087 Φ
490 1042 812 1087 [AOMH
846 1039 957 1084 ΤΩ
994 1043 1044 1085 Ρ.
1088 1046 1128 1095 *)

215 1163 479 1224 ’Έμμητρον
508 1162 564 1210 ἂν
592 1158 620 1227 ᾖ
650 1165 701 1210 τὸ
731 1164 875 1220 ξύλον,
908 1161 1108 1221 βλάστην
1138 1161 1238 1220 ἔχει.

226 1249 518 1309 Μητρόπολίς
546 1253 667 1296 ἐστιν
698 1249 799 1307 οὐχὶ
829 1248 1119 1307 Πατρόπολις
1147 1247 1288 1297 πόλις.

231 1334 428 1394 Μήτραν
453 1339 567 1388 τινὲς
594 1337 819 1380 πωλοῦσιν
845 1330 1031 1388 ἥδιστον
1059 1334 1200 1391 κρέας.

228 1421 421 1478 Μητρᾶς
450 1419 474 1464 ὁ
509 1419 620 1472 Χῖός
648 1422 742 1465 ἐστι
772 1420 831 1480 τῷ
860 1420 986 1480 δήμῳ
1017 1418 1160 1477 φίλος.

141 1535 382 1578 Athenaeus
425 1537 486 1578 111
527 1551 567 1590 p.
600 1539 683 1577 100
701 1537 749 1578 d:
792 1529 1059 1591 μνημονεύει
1103 1530 1182 1583 τῆς
1226 1527 1398 1586 μήτρας
1437 1525 1515 1567 καὶ

31 1598 308 1658 Ἀντιφάνης
351 1604 397 1646 ἐν
441 1604 716 1663 Φιλομήτορι
755 1604 894 1656 οὕτως
925 1603 1189 1661 ’Ἑμμητρον
1218 1601 1310 1644 κτλ.
1384 1601 1455 1642 Vs.
1488 1599 1513 1639 l

31 1671 252 1730 ἕμμηῖθον
266 1679 315 1718 1⁴·
349 1674 565 1731 ἔνμηῒρον
584 1680 669 1722 PV.
715 1681 778 1721 De
809 1677 919 1734 ξύλῳ
948 1674 1153 1731 ἐμμήτρῳ
1182 1675 1264 1715 dixi
1296 1673 1351 1713 ad
1371 1671 1515 1711 Theo-

32 1748 123 1788 criti
154 1748 274 1801 Idyll.
306 1749 421 1790 XXV
463 1750 560 1790 209.
633 1751 715 1790 Pro
756 1745 837 1800 ἄν,
880 1750 992 1802 quod
1029 1747 1219 1800 reposuit
1261 1741 1515 1789 Dindorfius‚

33 1817 127 1859 libri
155 1813 246 1860 ἐάν.
289 1843 345 1850 --
378 1820 448 1862 Vs.
480 1822 507 1860 2
538 1822 678 1861 addidi
708 1822 749 1861 in
780 1823 864 1861 fine
895 1816 1034 1867 πόλις,
1067 1824 1109 1859 et
1139 1830 1215 1870 pro
1246 1807 1518 1869 μητρόπολις

34 1893 76 1929 et
104 1884 377 1944 πατρόπολις
406 1890 552 1945 scripsi
586 1886 872 1945 Μητρόπολις
901 1898 943 1931 et
972 1885 1259 1943 [Ιατρόπολις
1330 1885 1424 1925 Non
1452 1882 1516 1923 in-

34 1959 281 2002 tellexerunt
326 1962 438 2002 hunc
479 1975 644 2004 versum
689 1963 965 2015 interpretes,
1011 1961 1128 2002 cuius
1163 1960 1244 2000 iam
1285 1955 1408 2009 plana
1453 1956 1518 1993 est

33 2032 250 2086 sententia.
308 2031 382 2072 cn·
419 2033 525 2074 Hist.
570 2036 660 2075 crit.
693 2049 734 2088 p.
764 2035 863 2074 314.
931 2032 1192 2085 Metropoles
1231 2027 1358 2068 urbes
1401 2037 1515 2064 com-

33 2106 234 2141 memorat
262 2102 404 2154 plures
434 2104 670 2158 Stephanus
700 2107 800 2159 Byz.
826 2119 866 2158 p.
882 2104 980 2154 557,
1011 2115 1183 2156 quarum
1215 2097 1517 2140 celeberrimae

33 2168 202 2212 fuerunt
242 2184 347 2225 quae
385 2175 426 2215 in
467 2177 598 2230 Lydia
638 2182 681 2218 et
721 2177 905 2229 Phrygia
949 2177 1052 2216 sitae
1090 2176 1220 2214 erant.
1289 2167 1518 2220 Lydiacam

26 2247 326 2283 commemorat
354 2250 522 2297 praeter
551 2248 652 2288 alios
683 2249 806 2287 etiam
840 2247 1035 2287 Aelianus
1066 2244 1178 2284 nist.
1209 2242 1288 2282 An.
1318 2237 1416 2279 XVI
1446 2236 1517 2275 38.

37 2309 327 2365 Phrygiacam,
368 2315 409 2355 in
450 2316 566 2357 cuius
604 2318 752 2359 vicinia
781 2317 1005 2359 Alcibiadis
1043 2314 1281 2367 sepulcrum
1321 2306 1519 2349 ostende-

38 2381 169 2432 Batur,
198 2383 435 2426 Athenaeus
464 2386 567 2428 XIII
601 2402 642 2442 p.
659 2389 743 2429 574
760 2388 791 2428 f.
823 2414 877 2420 —
912 2389 980 2429 Vs.
999 2387 1026 2426 4
1059 2380 1247 2436 ,Μητρᾶς
1277 2381 1321 2421 h.
1339 2393 1377 2420 e.
1410 2375 1519 2425 ΠῙη-

39 2447 252 2506 tpodwpog
279 2456 426 2508 scripsi
455 2471 530 2510 pro
561 2460 674 2500 edito
708 2453 897 2512 ΝΙήτράς
973 2457 1025 2498 V.
1057 2453 1239 2507 Etymol.
1270 2452 1330 2492 M.
1362 2463 1402 2502 p.
1420 2447 1520 2497 234,

41 2521 97 2562 2⁰
132 2527 173 2562 et
211 2525 414 2566 Arcadius
454 2529 507 2567 de
545 2543 630 2570 acc.
670 2545 711 2583 p.
742 2530 795 2571 21
843 2529 911 2568 18.
981 2528 1043 2567 De
1080 2525 1249 2565 homine
1287 2523 1378 2575 ipso
1416 2517 1520 2559 nihil

44 2591 144 2631 nihi
181 2594 372 2636 innotuit.
449 2598 737 2641 Metrodorum
780 2599 954 2647 Chium,
1015 2595 1246 2637 Anaxarchi
1289 2591 1519 2634 Abderitae

0 2675 2 2678 ’
48 2659 207 2716 ⁰¹5mP·
237 2664 311 2706 CX
347 2669 447 2709 clari
484 2672 755 2725 magistrum,
795 2672 1090 2711 commemorat
1130 2667 1339 2720 Diogenes
1380 2662 1520 2702 Laert-

142 2808 171 2850 ’)
196 2809 235 2842 V.
260 2810 350 2844 Hist.
373 2813 450 2847 crit.
473 2826 505 2858 p.
531 2817 611 2849 314.

106 2870 272 2915 eonioed.
297 2884 386 2916 med.
1231 2871 1258 2909 9
