1702 3158
403 157 721 206 ΜΑΝΔΡΑΓ
728 155 1122 202 ΟΡΙΖΟΜΕΝΗ.
1420 158 1511 203 449

726 275 804 317 111.

632 358 699 401 Εἴ
721 346 846 409 τινας
872 354 1045 414 μᾶλλον
1071 355 1189 413 φιλῶ

250 446 397 501 ξένους
426 443 597 502 ἑτέρους
625 440 761 500 ὑμῶν,
791 440 1001 499 γενοίμην
1029 440 1215 499 ἔγχελυς,

249 527 326 574 ἳνα
355 527 647 586 Καλλιμέδων
675 525 700 571 ὁ
729 524 945 586 Κάραβος
973 526 1153 586 πρίαιτό
1181 542 1251 585 με.

140 637 379 679 Athenaeus
407 635 508 678 VIII
538 648 580 689 p.
600 634 685 676 840
700 647 736 676 c.
767 634 820 675 de
851 634 1159 676 Callimedonte
1188 631 1373 676 Alexidis
1397 626 1502 689 χρή-

29 719 120 757 σεις
148 708 351 750 afferens:
380 703 427 746 ἐν
455 703 502 746 δὲ
533 703 990 762 Μανδραγοριζομένῃ
1020 702 1087 745 Εἴ
1106 716 1230 753 τινας
1257 701 1349 745 κτλ.

726 830 798 873 IV·

125 907 247 967 “ng
277 912 473 970 φέρουσα
503 910 730 969 συμβολὰς
758 909 910 954 τοίνυν
937 905 1048 967 ἅμα.

133 998 190 1043 Β.
218 998 308 1048 πῶς
336 994 584 1054 συμβολάςς
613 998 672 1043 A.
702 995 783 1048 τὰς
811 995 986 1048 ταινίας
1015 995 1059 1038 οἱ
1090 994 1328 1046 Χαλκιδεῖς

132 1084 209 1126 καὶ
242 1081 340 1135 τοὺς
369 1080 653 1139 ἀλαβάστους
683 1081 912 1139 συμβολὰς
938 1079 1143 1133 καλοῦσι,
1172 1079 1299 1137 γραῦ.

135 1189 375 1230 Athenaeus
405 1189 506 1231 VIII
536 1203 576 1243 p.
605 1187 689 1230 365
706 1188 754 1229 d:
794 1183 911 1235 τίνες
945 1181 998 1226 δ’
1031 1184 1082 1226 αἱ
1110 1182 1338 1240 συμβολαὶ
1366 1179 1504 1234 αὐτὸς

15 1251 194 1309 ”Αλεξις
233 1256 280 1298 ἐν
319 1256 771 1315 Μανδραγοριζομένῃ
820 1253 1029 1311 σημαίνει
1069 1252 1145 1296 διὰ
1180 1252 1349 1298 τούτων
1375 1247 1502 1307 (Ἡξω

23 1326 218 1383 φέρουσα
247 1326 338 1370 κτλ.
370 1331 510 1380 „Hinc
538 1331 821 1385 intelligimus,
843 1328 1188 1371 Chalcidensibus
1207 1327 1339 1368 dictas
1372 1327 1505 1369 fuisse

23 1394 261 1453 συμβολάς,
291 1401 460 1451 taenias,
490 1402 678 1451 corollas,
708 1406 920 1455 unguenta
945 1401 1109 1452 aliaque
1129 1411 1257 1452 parvo
1288 1399 1505 1452 parabilia,

23 1482 131 1524 quae
160 1471 318 1512 invitati
349 1471 401 1512 ad
428 1485 573 1526 regem
604 1473 779 1514 convivii
810 1472 1007 1513 convivae
1037 1469 1300 1512 deferebant.
1375 1469 1506 1512 Vide-

21 1543 90 1581 tur
118 1541 188 1594 qui
213 1541 293 1582 ista
321 1542 593 1595 loquebatur,
621 1543 706 1584 hoc
736 1547 928 1584 causatus
957 1553 1032 1583 seu
1061 1554 1161 1582 vere
1191 1553 1267 1583 seu
1296 1540 1428 1592 falso,
1458 1544 1506 1582 ut

20 1624 99 1666 pro
130 1612 239 1654 veris
267 1613 478 1666 symbolis,
509 1626 615 1667 quae
644 1615 810 1657 maioris
840 1618 1029 1668 sumptus
1059 1616 1202 1663 erant,
1231 1612 1369 1655 minus
1398 1624 1502 1667 pen-

21 1681 181 1725 deret.”
239 1684 520 1727 casaubonus.

742 1767 789 1809 V.

132 1851 292 1902 Κακῶς
323 1849 454 1909 ἔχεις·
485 1854 704 1910 στρουθὶς
733 1850 900 1911 ἀκαρὴς
929 1852 982 1905 νὴ
1014 1852 1092 1895 τὸν
1122 1850 1200 1895 Δί’
1233 1842 1286 1896 εἶ.

134 1936 533 1994 πεφιλιππίδωσαι.
590 1939 647 1984 Β.
677 1938 738 1996 μὴ
771 1938 827 1982 σὺ
854 1938 1013 1989 καινῶς
1040 1952 1120 1993 μοι
1148 1934 1287 1981 λάλει.

131 2014 240 2064 ὅσον
268 2019 323 2064 οὐ
349 2023 563 2076 τέθνηκα.
619 2025 676 2069 Α.
707 2024 787 2067 τοῦ
819 2020 1102 2080 ταλαιπώρου
1132 2019 1327 2072 πάθους.

132 2126 371 2169 Athenaeus
387 2128 468 2169 XII
492 2143 533 2183 p.
553 2129 637 2171 522
655 2143 691 2171 e.
724 2130 778 2170 de
793 2130 1060 2183 Philippidae
1090 2128 1327 2170 macilentia
1356 2137 1508 2179 agens:

27 2184 96 2233 ὅτι
123 2191 169 2236 δὲ
195 2195 270 2237 καὶ
299 2196 726 2252 πεφιλιππιδῶσθαι
757 2197 906 2253 ἔλεγον
935 2195 984 2239 τὸ
1002 2193 1303 2239 λελεπτύνθαι
1322 2190 1505 2245 ’Ἄλεξις

23 2260 71 2305 ἐν
101 2264 553 2326 Μανδραγοριζομένῃ
583 2267 698 2326 φησί
728 2268 889 2319 Κακῶς
918 2266 1025 2323 ἔχεις
1054 2268 1145 2310 κτλ.
1222 2270 1298 2312 Vs-
1329 2268 1354 2307 1
1399 2262 1509 2320 ἔχεις

26 2348 102 2389 pro
133 2332 217 2391 ἔχει
248 2340 535 2383 Casaubonus.
603 2343 719 2383 Idem
750 2339 977 2396 στρουθὸς
1016 2341 1222 2382 scribebat
1251 2351 1327 2393 pro
1357 2349 1515 2393 στρου-

27 2401 126 2454 θὶς.
184 2409 345 2451 Eodem
375 2416 548 2453 auctore
577 2413 717 2454 addidi
750 2414 966 2454 articulum
997 2417 1092 2452 ante
1121 2408 1220 2452 Δία.
1272 2410 1512 2451 Dindorfius

31 2471 118 2529 γὰρ
145 2483 239 2530 post
268 2479 484 2534 στρουθὶς
513 2483 683 2525 addidit.
722 2484 862 2525 Possis
894 2484 1018 2524 etiam
1047 2476 1159 2536 παρ’
1187 2477 1356 2535 ἀκαρές·
1395 2480 1511 2521 Pht)-

34 2544 142 2595 ῑῘῑὶὓ,
171 2544 294 2603 Παρ’
326 2545 504 2606 ἆκαρέςι
534 2548 700 2607 ὀλίγον.
759 2555 844 2595 Sed
874 2567 1018 2595 verum
1047 2555 1212 2594 videtur
1242 2551 1353 2605 quod
1381 2550 1510 2600 edidi,

42 2612 88 2653 iu
117 2627 196 2667 quo
224 2621 424 2663 notandus
453 2628 517 2664 est
544 2625 676 2666 rarior
710 2637 811 2667 usus
845 2626 958 2667 vocis
986 2618 1166 2678 ἇκαρής,
1195 2623 1311 2663 haud
1336 2621 1514 2663 multum

38 2683 159 2724 abest
197 2689 298 2740 quin
309 2694 573 2743 passer-culus
592 2698 745 2750 sactus
773 2697 848 2737 sis.
908 2696 1102 2737 Comicus
1129 2697 1313 2736 incertus
1342 2694 1514 2734 Ammo-

36 2754 95 2796 nii
132 2767 175 2807 p.
204 2755 285 2796 1⁰2
322 2760 559 2805 κατέπεσον
597 2761 764 2823 ἀκαρὴς
809 2763 870 2823 τῷ
907 2763 1008 2809 δέει.
1070 2764 1305 2810 Menander
1339 2776 1381 2817 p.
1410 2759 1518 2802 259:

88 2833 258 2870 Comoed.
281 2839 374 2873 med.
1166 2835 1222 2875 29
