1702 3158
206 132 287 199 1'24
753 149 1096 194 ANTIPHANIS

425 258 530 303 ἰδών
557 258 729 315 ἑταίρας
759 254 819 307 εἰς
847 255 974 314 ἔρωτ’
1006 254 1202 313 ἄφίκετο,

424 342 571 396 ἀστῆς,
601 340 761 399 ἐρήμου
789 337 838 382 δ’
872 337 1106 395 ἐπιτρόπου
1133 340 1207 381 καὶ
1235 335 1463 392 συγγενῶν,

371 430 399 471 5
427 419 545 480 ἦθός
572 442 615 468 τι
636 421 828 483 χρυσοῦν
857 423 963 478 πρὸς
992 421 1148 479 ἀρετὴν
1175 422 1445 477 κεκτημένης,

427 508 560 558 ὅντως
590 507 762 562 ἑταίρας
779 520 790 533 ·
820 507 868 547 αἱ
896 509 975 562 μὲν
1003 504 1138 548 ἄλλαι
1163 502 1357 559 τοῦνομα

427 590 670 647 βλάπτουσι
698 591 788 640 τοῖς
817 587 992 646 τρόποις
1017 590 1099 646 γὰρ
1127 587 1261 638 ὅντως
1289 583 1343 630 ὂν
1371 583 1519 630 καλόν.

319 683 556 725 Athenaeus
585 683 685 723 xm
716 697 757 736 p.
785 683 866 724 571
886 683 908 723 f
919 697 930 724 ε
960 677 1182 733 Εὔβουλος
1211 673 1259 719 δ’
1291 676 1337 718 ἐν
1368 672 1656 733 Καμπυλίωνι

208 747 397 803 κοσμίαν
440 748 617 805 ἑταίραν
661 747 870 806 παράγων
913 750 1051 806 φησὶν
1093 777 1147 784 —
1188 743 1460 802 ’Λντιφάνης
1495 741 1656 799 ’Υδρίᾳ

214 810 350 868 Οὗτος
385 817 434 859 δ’
463 815 515 861 ὃν
551 819 657 873 λέγω
686 819 777 862 κτλ.
849 822 920 863 Vs.
950 821 977 861 5
1021 809 1139 870 ἦθος
1173 815 1362 872 χρυσοῦν
1402 830 1492 857 cum
1523 818 1656 857 Hora-

207 889 316 930 tiano
355 891 489 931 Carm.
521 891 577 932 lV
615 892 642 930 2
682 903 828 931 aureos
872 903 1005 931 mores
1042 892 1325 942 compararunt
1363 888 1443 927 iam
1482 886 1562 926 alii.
1603 909 1658 916 -κ

209 958 282 1000 Vs.
312 960 340 999 7
380 954 556 1013 τρόποις
596 956 676 1013 γὰρ
715 962 807 1000 libri
852 961 1007 1013 scripti.
1069 954 1295 1014 τρόποισιν
1331 958 1418 998 sine
1460 950 1541 1010 γὰρ
1570 954 1657 997 VL.

210 1027 285 1069 err
314 1029 365 1070 ad
393 1030 611 1070 Menandri
641 1030 804 1082 Fragm.
834 1044 874 1083 p.
906 1030 948 1069 7.

916 1112 970 1153 ΙΙ.

318 1195 556 1237 Athenaeus
597 1197 655 1236 111
700 1210 740 1249 p.
773 1196 916 1238 104⁸:
960 1191 1034 1234 καὶ
1078 1184 1185 1246 παρ’
1225 1182 1486 1242 ’Λντιφάνει
1527 1185 1573 1226 δὲ
1616 1184 1662 1226 ἐν

210 1259 467 1320 Στρατιώτῃ
495 1261 525 1314 ἢ
560 1261 1028 1318 Τύχωνιπαραινέσεις
1066 1256 1277 1315 εἰσφέρων
1305 1255 1542 1312 ἄνθρωπος
1572 1269 1662 1297 τοι-

210 1331 337 1382 οῦτός
377 1332 522 1384 ἐστιν,
560 1326 607 1382 ὃς
644 1346 781 1389 φησιν
808 1326 965 1380 (Ὀστις
1006 1328 1243 1386 ἅνθρωπος
1283 1328 1328 1369 δὲ
1366 1325 1449 1382 φὺς
1486 1355 1539 1363 -
1576 1324 1663 1367 τῶν

212 1399 496 1459 ὑπαρχόντων
523 1399 675 1457 μόνον.
730 1400 785 1444 τὰ
814 1400 928 1443 αὐτὰ
957 1401 1093 1458 εἴρηκε
1123 1400 1196 1440 καὶ
1225 1398 1271 1439 ἐν
1295 1395 1468 1455 ιΥὸρὶρι.

727 1554 1168 1601 ῩΠΝΟΣ.

323 1651 570 1705 Fragmenta
598 1649 761 1692 fabulae
789 1649 882 1690 vido
920 1648 963 1689 in
993 1647 1174 1689 Alexidis
1203 1646 1383 1689 dramate
1411 1644 1664 1698 cognomine.

761 1799 1124 1845 ΦΑΩΝ.

326 1897 473 1937 Pollux
501 1896 580 1938 Vll
612 1896 718 1935 192:
754 1889 1029 1948 ’Λντιᾳάνης
1068 1890 1114 1931 ἐν
1146 1886 1299 1931 Φάωνι
1334 1884 1665 1942 Στριῦματα,

214 1962 426 2016 κλίνας,
457 1961 654 2012 καινὰς
684 1959 864 2012 τύλας.
923 1965 967 2005 ln
998 1964 1061 2003 his
1090 1957 1241 2008 καινὰς
1269 1963 1411 2012 utpote
1442 1973 1491 1999 ex
1521 1956 1664 1997 διττο-

222 2032 393 2091 γραᾳίᾳ
420 2041 553 2076 ortum
583 2036 804 2075 delendum
833 2030 1015 2083 videtur,
1044 2045 1123 2085 quo
1153 2031 1238 2071 vitii
1267 2043 1419 2083 genere
1447 2031 1488 2069 in
1519 2028 1669 2069 codici-

220 2107 296 2147 bus
325 2106 507 2146 Pollucis
536 2106 637 2145 nihil
668 2104 937 2156 frequentius.
1009 2104 1070 2143 Ac
1109 2101 1226 2141 deest
1253 2101 1356 2140 illud
1385 2094 1536 2145 καινὰς
1563 2099 1668 2137 libro

219 2176 258 2216 X
277 2177 358 2216 402
388 2173 432 2214 ἐν
461 2172 520 2230 τῷ
544 2169 841 2228 Ἀντιφάνους
868 2170 1019 2213 Φάωνι
1049 2170 1122 2211 καὶ
1150 2167 1259 2210 κατὰ
1289 2166 1368 2218 τὴν
1395 2164 1544 2216 κοινὴν
1566 2163 1671 2219 χρῆ-

221 2257 293 2285 σιν
320 2241 438 2284 ἔστιν
467 2240 607 2296 εὑρεῖν
642 2242 719 2291 τὰς
758 2239 909 2293 η’·λας,
945 2236 1200 2295 στρώματα,
1236 2234 1398 2286 κλινάς.
1463 2240 1577 2290 Quae
1615 2237 1672 2277 ita

221 2315 434 2354 scribenda
482 2315 694 2363 videntur,
732 2309 851 2353 ἔστιν
885 2309 1021 2365 εὑρεῖν
1049 2308 1125 2357 τὰς
1155 2307 1306 2356 τύλας·
1342 2302 1672 2361 Στριόματα,

221 2380 431 2432 κλίνας,
462 2378 640 2430 τύλας.
679 2384 723 2423 Si
752 2397 848 2423 vera
877 2386 971 2422 sunt
1000 2393 1104 2433 quae
1136 2380 1187 2419 de
1212 2391 1400 2419 mensura
1429 2378 1539 2417 vocis
1567 2370 1672 2423 τέλη

223 2453 305 2492 dixi
333 2454 382 2492 ad
414 2454 603 2505 Eupolid.
633 2453 779 2506 fragm.
808 2466 848 2505 p.
878 2453 974 2500 496,
1004 2449 1215 2503 probabile
1245 2453 1307 2488 est
1335 2449 1458 2488 verba
1486 2446 1588 2485 haec
1616 2445 1672 2483 ita

223 2522 353 2562 fuisse
383 2523 600 2574 disposita,
628 2527 673 2562 ut
703 2523 941 2562 vocabulum
972 2518 1202 2573 στρώματα
1231 2519 1416 2558 ultimum
1444 2528 1583 2555 versus
1612 2516 1672 2554 lo-

227 2604 320 2631 cum
363 2597 603 2644 occuparet,
650 2594 806 2644 reliqua
841 2595 977 2631 autem
1016 2591 1188 2630 alterum
1227 2599 1388 2628 versum
1429 2586 1674 2626 ordirentur.

218 2661 292 2702 De
320 2660 485 2701 fabulae
514 2661 636 2702 titulo
667 2662 729 2702 cfr
757 2662 863 2702 nist.
893 2661 982 2701 crit.
1011 2673 1052 2712 p.
1083 2659 1178 2699 323.
