1702 3158
220 190 304 231 324
830 183 1059 227 EPmPPI

266 301 269 304 “
331 298 567 341 Athenaeus
604 295 703 338 Vlll
740 307 782 348 p.
817 295 901 334 346
914 294 954 334 fx
994 288 1106 348 τάχα
1147 292 1194 334 δὲ
1232 293 1307 335 καὶ
1346 291 1465 349 ὑμεῖς
1505 292 1666 347 ἑκόντες

224 364 476 422 παρελίπετε
501 363 560 412 ὥς
589 359 704 417 ἱερόν
732 374 830 403 τινα
860 357 996 416 ἰχθὺν
1023 361 1101 404 τὸν
1126 361 1233 418 παρ’
1261 360 1470 422 Ἐφίππῳ
1496 364 1557 422 τῷ
1583 380 1668 407 κω-

223 433 478 492 μῳδοποιῷ,
516 427 567 473 ὅν
607 444 718 484 φησι
757 430 817 488 τῷ
845 428 1045 488 Γηρυόνῃ
1077 429 1366 482 σκευάζεσθαι
1394 433 1440 474 ἐν
1468 433 1527 491 τῷ
1554 431 1669 488 ὁμω-

224 502 343 560 νύμῳ
380 500 569 558 δράματι
605 497 679 541 διὰ
717 498 883 542 τούτων
922 501 1055 554 λέγων
1096 498 1244 558 Τούτῳ
1283 499 1332 542 δ’
1374 499 1540 544 ὁπόταν
1577 504 1667 545 κτλ.

226 575 407 615 Eosdem
449 583 591 612 versus
627 584 720 612 cum
762 572 852 613 aliis
882 573 1120 625 quibusdam
1150 573 1337 624 posuisse
1365 574 1599 628 Ephippum
1628 576 1670 615 in

226 643 409 682 Peltasta
440 641 623 681 eiusdem
654 641 854 682 Athenaei
884 643 1033 683 indicio
1063 646 1234 682 constat.
1291 643 1363 684 Vs.
1382 644 1402 682 l
1435 639 1592 682 νάσται
1619 645 1669 685 V.

226 735 280 743 —-
324 711 393 752 Vn.
424 711 450 750 2
490 711 582 749 libri
611 707 775 750 ἕλωσιν.
836 712 942 752 Tum
981 725 1055 764 pro
1083 706 1261 764 ἡμέριον
1288 713 1421 752 malim
1451 707 1668 766 ἡμερινὸν,

226 780 350 819 vilem
378 781 539 832 piscem
576 785 620 820 et
659 779 892 833 vulgarem,
937 781 1276 832 quemadmodum
1317 782 1422 834 apud
1462 782 1669 834 Aristoph-

225 849 321 888 Pac.
353 850 433 888 163
469 849 619 901 legitur
648 844 859 901 ἡμερινῶν
897 846 1043 889 σίτων.
1100 874 1153 882 ——-
1213 851 1282 891 Vs.
1310 851 1338 890 5
1375 845 1553 897 τούτους
1595 863 1669 902 pro

223 913 443 964 τοιούτους
472 919 696 970 accipiunt,
734 918 843 970 quod
872 919 1036 971 linguae
1063 930 1161 958 usus
1189 931 1270 959 non
1301 920 1510 971 permittit.
1567 922 1670 960 For-

224 992 333 1029 tasse
361 999 576 1028 mensurae
603 1000 752 1028 nomen
792 988 904 1029 latet.
971 989 1017 1028 In
1058 988 1320 1039 sequentibus
1358 990 1459 1029 mira
1502 993 1564 1028 est
1602 1001 1669 1028 re-

226 1062 316 1097 ctae
355 1057 547 1096 orationis
584 1057 626 1095 in
662 1057 900 1097 indirectam
943 1057 1168 1097 conversio.
1226 1056 1419 1108 Suspicor
1455 1061 1549 1096 ante
1578 1068 1668 1096 ver-

224 1138 315 1166 sum
343 1131 500 1166 sextum
531 1125 682 1177 aliquid
713 1126 923 1166 excidisse.
963 1151 1017 1159 --
1059 1125 1130 1166 Vs.
1159 1125 1185 1163 6
1216 1128 1258 1163 et
1285 1126 1311 1164 7
1342 1126 1435 1165 libri
1466 1122 1599 1180 ταύτῃ
1627 1123 1670 1172 ἐς

223 1190 407 1241 Ἰνδούς.
465 1195 618 1246 Scripsi
656 1189 814 1242 ταύτης
849 1188 1029 1240 Ἰνδούς.
1090 1194 1499 1248 Schweighaeuserus
1535 1191 1670 1250 ταύτῃ

226 1259 412 1310 Σινδούς
441 1265 494 1313 *),
534 1276 635 1315 quos
672 1264 723 1304 ad
753 1264 943 1316 paludem
974 1264 1216 1304 Maeoticam
1254 1265 1471 1304 incoluisse
1500 1268 1668 1304 constat.

226 1334 371 1386 Aptius
419 1337 555 1372 tamen
598 1333 774 1373 fortasse
810 1333 1059 1384 Droysenius
1096 1333 1136 1372 in
1174 1333 1489 1373 Zimmermanni
1525 1333 1668 1374 Annal.

227 1403 336 1442 183ss
366 1416 405 1454 p.
434 1403 543 1441 1120
572 1403 735 1454 scripsit
759 1397 961 1449 Σιντούς,
1001 1402 1070 1453 qui
1100 1402 1366 1442 Macedoniae
1401 1403 1567 1442 fuerunt
1596 1415 1669 1453 po-

226 1473 361 1524 pulus.
392 1497 445 1504 —-
487 1472 556 1512 Vs.
586 1472 613 1510 8
638 1467 872 1523 Κραναούς
900 1484 1000 1522 quos
1024 1471 1131 1509 dicat
1160 1471 1375 1511 obscurum
1406 1477 1479 1511 est.
1539 1472 1669 1523 Droy-

227 1542 364 1581 senius
393 1541 669 1580 Athenienses
698 1541 966 1592 intelligebat.
1031 1540 1065 1579 li
1095 1543 1228 1579 autem
1258 1541 1409 1580 rectius
1439 1541 1670 1580 dicerentur

227 1608 469 1662 Κραναῖοι,
500 1614 546 1649 ut
575 1611 756 1650 disertim
785 1609 991 1649 annotavit
1020 1609 1248 1660 Stephanus
1278 1610 1376 1661 Byz.
1405 1623 1442 1650 v.
1475 1605 1670 1663 Κρανάη.

225 1680 400 1720 Videtur
444 1679 553 1718 aliud
595 1693 742 1719 nomen
786 1680 927 1718 latere.
999 1679 1087 1718 Nec
1121 1675 1329 1730 Παφίους
1365 1679 1451 1718 vitii
1493 1681 1671 1719 immune

227 1750 372 1796 cred03
402 1749 575 1788 fortasse
606 1745 814 1801 Παρίους.
857 1772 911 1779 —-
940 1748 1009 1788 Vs.
1032 1748 1082 1786 ll
1113 1760 1255 1787 sensus
1286 1752 1346 1787 est
1376 1754 1572 1801 quantum
1600 1763 1669 1788 ur-

227 1819 289 1857 bis
319 1818 497 1857 ambitus
517 1822 656 1870 patet.
720 1819 785 1857 Ad
820 1811 982 1861 πόλεως
1020 1808 1118 1867 ὅρος
1154 1829 1364 1868 compares
1393 1819 1536 1870 Eurip.
1566 1819 1669 1860 Hec.

227 1888 281 1925 16
310 1883 386 1937 γῆς
415 1881 655 1938 ὁρίσματα,
693 1898 796 1938 quae
826 1886 879 1926 de
908 1886 1085 1926 turribus
1115 1889 1156 1925 et
1185 1886 1396 1925 moenibus
1426 1887 1670 1939 interpreta-

228 1959 294 1995 tur
326 1956 599 1995 Hei-mannus.
639 1981 693 1988 —-
737 1956 808 1997 Vs.
840 1956 892 1995 12
921 1955 1056 1994 malim
1087 1949 1254 1994 τούσδ’.
1311 1956 1399 1995 Nisi
1430 1955 1537 1994 sorte
1567 1957 1671 1996 haec

227 2025 390 2076 gravius
420 2029 609 2076 corrupta
637 2028 742 2064 sunt.
804 2025 906 2064 lbid.
935 2025 1029 2064 libri
1058 2019 1291 2062 ὑποκαίειν.
1340 2048 1391 2056 —-
1443 2026 1514 2065 Vs.
1545 2026 1598 2063 18
1625 2037 1670 2062 τε

226 2088 328 2144 κούχ
359 2094 478 2134 PVL.
509 2105 554 2130 τε
581 2091 654 2132 καὶ
684 2089 760 2145 οἰχ
788 2094 834 2133 Β.
872 2089 914 2131 τ’
947 2090 1024 2146 οὐχ
1054 2094 1477 2145 Schweighaeuserus.
1515 2094 1671 2146 Recepi

226 2162 307 2202 hoc
345 2166 571 2214 praeeunte
609 2162 833 2212 Dinflorfio,
873 2176 1113 2215 quamquam
1150 2175 1296 2202 vereor
1335 2175 1387 2202 ne
1423 2163 1533 2202 aliud
1572 2163 1670 2214 quid

226 2232 374 2281 lateat3
413 2245 505 2272 nam
535 2233 569 2272 si
598 2243 741 2272 sensus
770 2236 832 2272 est
861 2239 903 2272 et
931 2235 1106 2286 imperia
1136 2233 1259 2279 dare,
1296 2245 1349 2270 ne
1377 2231 1558 2270 adurant
1586 2232 1668 2283 Isg-

228 2302 382 2340 ciorum
404 2306 629 2354 pryWnes,
669 2306 852 2355 apertum
884 2307 946 2342 est
976 2316 1055 2342 non
1087 2298 1138 2339 οὐ
1167 2302 1380 2341 dicendum
1409 2300 1560 2350 fuisse,
1596 2302 1670 2341 sed

226 2365 302 2422 μή.
359 2372 568 2412 Hactenus
604 2372 731 2412 altera
758 2372 1135 2423 Schweighaeuseri
1175 2373 1405 2412 coniectura
1444 2365 1699 2421 praestaret*

227 2438 557 2491 περιαγγέλλειν),
586 2437 663 2480 κού
690 2436 950 2494 παρακούειν
976 2436 1150 2479 Λυκίων
1177 2437 1414 2494 πρυτάνεις.
1442 2464 1496 2470 ——
1526 2441 1595 2481 Vs.
1614 2441 1667 2479 19
1694 2446 1702 2479 ᾖ

227 2506 321 2548 libri
348 2504 555 2548 Λυκείων.
623 2511 668 2550 ln
706 2510 971 2562 sequentibus
1011 2509 1184 2551 fortasse
1213 2513 1391 2562 praestat
1419 2509 1669 2561 distinguere
1700 2523 1702 2539 1

317 2664 353 2705 *)
377 2665 454 2697 Hoc
477 2667 587 2708 potius
616 2669 764 2706 Σίνδους
795 2669 1029 2709 scribendum,
1058 2679 1258 2712 quamquam
1291 2669 1412 2702 Σινδοὶ
1441 2666 1544 2700 etiam
1575 2666 1666 2710 apud
1697 2664 1702 2715 j

224 2722 341 2768 Steph.
364 2724 447 2766 Byz.
471 2735 502 2759 v.
523 2728 648 2761 Σινδοὶ
670 2727 831 2772 scriptum
853 2732 914 2762 est.
961 2728 1031 2762 Sed
1055 2728 1132 2763 vide
1155 2729 1276 2762 Arcad.
1301 2740 1334 2772 p.
1357 2728 1417 2769 48,
1441 2727 1475 2760 9.
1696 2717 1702 2768 ξ
