1702 3158
203 159 287 200 ³44
784 154 1065 197 ANAXlLAE

205 272 441 324 loquentem
475 267 633 316 induci,
674 265 877 309 sociorum
926 278 1064 307 casum
1110 269 1390 314 enarrantem,
1424 263 1651 317 suspicatur

207 340 436 382 Lobeckius
466 337 517 377 ad
545 337 699 388 Pin-yn.
730 334 882 387 p.657.
939 336 1044 377 Vs.1
1076 335 1169 376 libri
1193 329 1453 388 ὀρεινόμους.
1484 333 1653 374 Coi-rexi

206 410 318 450 Hist.
349 409 438 449 crit.
468 421 507 460 p.
524 406 619 445 299.
677 405 810 455 Atque
838 403 894 443 ita
923 404 1043 445 etiam
1071 405 1272 457 Bergkius
1310 405 1466 445 Comm.
1489 417 1529 456 p.
1554 403 1651 442 4⁰4.

206 480 271 518 Ea
298 477 431 517 forma
467 486 567 515 usus
608 476 671 513 est
705 472 920 525 Philippus
948 473 1096 514 Thess.
1126 475 1242 514 Anal.
1273 475 1449 514 Brunck.
1480 473 1518 513 11
1548 478 1651 517 224:

207 542 376 599 κάπρον
408 537 672 596 ὀρειονόμον.
711 566 763 573 —
794 543 864 583 Vs.
895 543 921 582 2
951 537 1180 593 ὑλιβάτους
1208 544 1326 583 ΑΒΡ.
1356 538 1576 598 ὑληβάτας
1606 547 1652 588 c.

206 611 414 666 ὑλιβάτας
443 613 704 653 Casaubonus
733 623 782 651 ex
812 613 909 664 epit.
939 606 1172 661 ἀλιβάτους
1202 613 1286 654 VL.
1344 613 1535 655 Formam
1565 610 1656 654 ὑλι-

206 680 343 738 βάτης
381 684 527 724 merito
566 681 813 733 suspectavit
853 682 1079 721 Lobeckius
1115 682 1142 722 l.
1172 682 1200 722 l.
1238 686 1279 722 et
1315 683 1446 724 Paral.
1485 698 1655 736 gramm.

204 768 245 807 p.
275 755 345 795 80.
403 753 490 793 Nec
518 753 744 791 sententiae
774 751 962 790 convenit
990 745 1220 801 ὑλιβάτης,
1257 765 1332 804 pro
1373 765 1452 804 quo
1482 756 1655 806 requiri-

206 828 275 863 tur
304 820 538 874 epitheton,
577 833 625 860 ex
662 832 742 871 quo
786 820 982 871 colligere
1021 821 1153 871 potuit
1181 820 1417 861 Athenaeus
1447 825 1656 865 Anaxilam

208 889 406 944 δέλφακα
437 889 489 929 de
518 889 656 929 adulto
686 900 812 941 porco
843 888 1002 928 dixisse.
1042 889 1182 940 ltaque
1210 884 1441 940 ἠλιβάτους
1469 893 1532 932 vel
1562 889 1665 942 rju-

208 954 348 1011 βάτοις
377 959 636 999 scribendum
667 961 773 1006 erat,
811 957 919 1009 quod
948 957 990 997 in
1020 958 1140 998 simili
1169 959 1259 999 loco
1290 961 1508 1013 Antiphani
1537 965 1656 1003 resti-

207 1030 268 1071 tui
305 1042 347 1081 p.
375 1029 444 1068 74.
501 1028 571 1067 nbi
609 1026 702 1066 vide
738 1038 842 1077 quae
883 1026 1084 1067 adnotavi.
1141 1051 1197 1061 —-
1249 1029 1320 1069 Vs.
1350 1030 1377 1068 4
1412 1031 1546 1071 malim
1583 1032 1657 1072 καὶ

207 1096 384 1144 λέοντας
423 1097 490 1137 vel
533 1089 561 1146 ἢ
595 1092 795 1146 λέοντας,
832 1099 878 1136 ut
917 1096 1058 1137 cretici
1100 1097 1400 1140 continuentur.
1458 1101 1655 1154 Bergkius

208 1162 364 1215 ἄλλους
392 1165 593 1219 praefixit.

911 1247 967 1288 ΙΙ.

578 1327 731 1371 Δεινὸν
759 1329 839 1383 μὲν
866 1327 948 1383 γὰρ
978 1325 1134 1383 ἔχονθ’
1166 1325 1240 1378 ὑός

577 1408 742 1469 ῥύγχος,
772 1402 806 1452 ὦ
837 1410 936 1468 φίλε
964 1409 1172 1463 Κινησία.

320 1516 556 1559 Athenaeus
586 1514 646 1555 111
681 1527 723 1566 p.
752 1513 807 1554 95
825 1514 863 1554 b.
902 1515 1013 1555 vocis
1050 1508 1202 1569 ῥύγχος
1240 1517 1423 1571 exempla
1459 1517 1659 1561 afferens:

209 1583 448 1637 Ἀναξίλας
488 1580 538 1622 δ’
567 1581 613 1622 ἐν
643 1579 784 1637 Κίρκῃ
812 1581 964 1623 Δεινὸν
1002 1584 1082 1636 μὲν
1109 1581 1191 1639 γὰρ
1219 1582 1310 1627 κτλ.
1377 1588 1466 1628 Dixi
1506 1589 1558 1629 de
1597 1590 1662 1632 his

215 1658 325 1698 Hist.
355 1655 445 1696 crit.
476 1667 517 1706 p.
547 1654 645 1702 228,
683 1653 755 1693 ubi
790 1653 967 1694 fortasse
1002 1642 1035 1692 ὦ
1068 1650 1190 1707 φίλε,
1229 1654 1411 1704 κνησιᾶν
1444 1658 1662 1711 legendum

214 1739 306 1767 esse
334 1724 524 1765 indicavi.
582 1723 702 1763 Nunc
730 1723 772 1762 in
802 1736 891 1764 eam
920 1724 1055 1776 potius
1085 1730 1240 1776 partem
1270 1726 1434 1776 inclino,
1467 1733 1513 1767 ut
1542 1729 1662 1768 Cine-

214 1795 316 1836 siam
345 1795 387 1834 in
416 1805 531 1834 suem
561 1791 892 1832 transformatum
932 1793 1096 1834 ludibrii
1136 1806 1277 1835 caussa
1307 1796 1493 1838 Cnesiam
1523 1799 1662 1852 appel-

214 1864 342 1904 latum
372 1874 465 1902 esse
494 1860 685 1901 credam:

580 1925 723 1967 δεινὸν
750 1928 830 1980 μὲν
858 1925 942 1983 γὰρ
971 1925 1125 1984 ἔχονθ’
1156 1927 1229 1979 ὑός

578 1993 742 2052 ῥύγχος,
770 1987 803 2036 ὦ
834 1995 931 2052 φίλε
963 1997 1152 2049 Κνησία.

218 2070 483 2123 Participium
521 2069 674 2120 pendet
703 2082 726 2107 a
755 2069 879 2108 verbo
916 2070 1024 2120 quod
1062 2071 1104 2110 in
1141 2073 1403 2123 sequentibus
1440 2078 1561 2126 poeta
1590 2087 1663 2126 po-

218 2143 367 2180 suerat.
433 2138 632 2190 Bergkius
671 2138 900 2178 Comment.
938 2152 978 2191 p.
1009 2140 1092 2180 404
1129 2142 1308 2181 tentabat
1345 2137 1453 2195 ἔχειν
1488 2138 1534 2182 ‹5'
1563 2138 1663 2190 -ὑός,

217 2211 280 2250 De
308 2209 432 2248 verbo
462 2203 663 2254 κνησιᾶν,
694 2220 718 2246 a
747 2220 827 2258 quo
857 2208 958 2248 illud
988 2206 1186 2259 Κνησίας
1213 2211 1446 2260 formatum,
1475 2212 1570 2252 satis
1602 2216 1666 2252 est

218 2279 405 2318 attulisse
433 2277 644 2329 Aristoph.
674 2277 788 2318 Eccl.
817 2278 926 2319 413:
961 2273 1046 2328 ἤδη
1086 2276 1162 2318 τὸν
1199 2275 1277 2320 ἀπ’
1306 2276 1476 2328 Ἰωνίας
1504 2277 1666 2334 τρόπον

217 2343 405 2388 τάλαινα
433 2342 628 2401 κνησιᾷς.

910 2431 984 2471 111.

329 2518 535 2571 Diogenes
565 2518 702 2559 Laert.
733 2518 793 2558 11!
823 2519 898 2560 28:
931 2516 1121 2573 χλευάζει
1153 2518 1205 2560 δ’
1234 2518 1369 2562 αὐτὸν
1410 2523 1665 2578 (Platonem)

220 2584 295 2630 καὶ
318 2580 559 2639 Ἀναξίλας
591 2584 638 2627 ἐν
666 2585 938 2643 Βοτρυλίωνι
965 2589 1039 2631 καὶ
1068 2588 1208 2647 Κίρκῃ
1236 2592 1310 2633 καὶ
1341 2590 1595 2645 Πλουσίαις.
