1702 3158
635 127 720 173 ΟΛ
726 127 931 172 ΥΝΘΙΑ.
1429 128 1514 171 45⁷

0 239 2 285 ἶ
44 248 151 308 μιᾶς
179 250 268 295 VL.
297 275 352 282 -
382 248 455 291 Vs.
473 249 500 288 6
529 242 764 301 φθόγγους
788 239 988 299 ἀλύρους.
1017 244 1079 286 lta
1109 242 1262 297 passim
1292 242 1516 297 Euripides

38 324 93 366 de
122 322 287 375 lugubri
316 322 460 369 cautu,
488 322 534 360 ut
564 316 753 372 iphigen.
784 317 912 358 Taur.
944 316 1044 357 140.
1100 315 1252 356 Helen.
1277 315 1372 356 185.
1403 314 1515 355 aliie-

35 406 119 448 que
148 393 263 433 iocis.
322 416 376 423 —
435 389 504 432 Vs.
534 390 560 429 9
602 388 699 429 libri
734 382 917 440 γίνεται.
978 387 1134 428 Ibidem
1175 382 1230 425 τὰ
1258 385 1367 440 μέρη
1397 390 1515 426 recte

37 463 455 517 Schweighaeuser-ue
500 460 553 500 de
597 459 782 500 ciborum
832 458 1090 512 portionibus
1136 457 1179 498 h.
1226 470 1264 498 e.
1310 458 1364 498 de
1409 457 1514 498 cibis

37 535 140 590 ipsis
169 534 475 586 iuterpretatur.
532 555 587 562 ——
632 531 703 571 Vs.
736 530 785 569 11
818 529 1058 570 Dindorfius
1089 529 1279 569 lacunam
1308 533 1405 582 post
1434 521 1514 566 λά-

35 616 176 659 χανον
203 602 418 645 indicavit=
447 601 601 642 rectius
630 600 808 642 fortasse
828 600 1053 641 Elmsieius
1084 594 1292 651 λάχανον,
1322 599 1432 652 quod
1461 599 1516 640 ad

41 674 209 730 θέρμος
237 671 532 726 interpretandi
563 683 686 712 causa
715 671 968 723 adscriptum
1000 670 1177 719 videtur,
1208 670 1376 711 delevit.
1424 669 1515 717 Nisi

41 745 156 787 forte
183 739 397 784 λάπαθον
423 742 700 784 scribendum.
743 767 798 774 —
841 742 910 783 Vs.
945 742 997 782 12
1028 746 1074 782 et
1106 742 1160 781 13
1190 740 1433 782 Eustathius
1463 740 1516 783 ad

39 816 156 857 lli-d.
185 829 225 869 p.
256 814 339 854 948
367 813 437 853 41.
478 812 612 852 allatis
658 812 796 852 verbis
837 799 975 866 ὦχρος
1005 837 1058 844 —-
1089 807 1224 865 ἀχράς
1261 812 1318 851 ita
1356 811 1517 864 pergit:

39 882 179 934 δῆλον
216 879 266 923 δ’
297 875 368 924 ὅτι
403 871 542 938 ὦχρος
579 883 660 935 μὲν
702 881 776 922 καὶ
806 877 1006 936 λάθυρος
1037 876 1203 936 ὄσπρια
1229 876 1288 928 ὥς
1318 880 1394 920 καὶ
1423 879 1517 935 ἐρέ-

41 952 220 1009 βινθος,
250 950 391 1008 φηγὸς
421 951 468 993 δὲ
496 947 685 1006 βάλανοι
714 947 896 1007 ᾳιὴγινοι
925 943 1019 993 οἶαι
1048 948 1320 1006 τρώγεσθαι,
1351 948 1516 1004 βολβὸς

36 1022 84 1065 δὲ
123 1019 313 1081 κρόμυον
350 1038 394 1065 τι
430 1020 585 1080 ἄγριον
624 1052 679 1059 -
714 1022 829 1075 τέτιξ
867 1025 994 1076 (sic)
1035 1021 1082 1063 δὲ
1111 1018 1339 1078 βρώσιμόν
1368 1035 1412 1062 τι
1439 1021 1517 1063 καὶ

37 1090 168 1147 αὐτό,
206 1090 235 1136 δ’
259 1094 334 1135 καὶ
364 1094 632 1148 σημείωσαι,
673 1091 807 1148 ἀχράς
838 1092 885 1135 δὲ
913 1090 1070 1143 ἀπίους
1100 1091 1308 1148 σημαίνει
1337 1089 1516 1148 ἀγρίους

38 1162 206 1220 κυρίως.
235 1191 290 1199 -—
320 1167 391 1210 Vs.
409 1167 464 1207 14
493 1179 582 1220 sqq.
613 1166 736 1208 effert
765 1165 1010 1208 Eustathius
1041 1165 1092 1206 ad
1123 1166 1202 1207 Od.
1233 1179 1274 1219 p.
1293 1164 1406 1206 1572
1436 1167 1514 1206 623

36 1232 96 1286 ὥς
125 1234 171 1276 δὲ
199 1235 271 1277 καὶ
303 1230 548 1290 ι’σχνανθὲν
584 1234 634 1277 τὸ
664 1236 799 1278 σῦκον
829 1232 1188 1290 σπουδαζόμενον
1215 1224 1293 1286 ἦν,
1335 1233 1468 1286 δηλοῖ
1491 1234 1515 1275 ὁ

39 1306 130 1354 τοῖς
158 1303 436 1360 τραγήμασιν
464 1303 646 1358 ἐντάξας
675 1308 751 1349 καὶ
780 1304 863 1358 τὴν
893 1300 1054 1361 ἰσχάδα
1083 1305 1159 1347 καὶ
1187 1299 1323 1346 εἰπών
1367 1301 1431 1346 Τό
1470 1320 1516 1347 τε

38 1375 279 1430 θειοπαγὲς
306 1403 361 1411 -
391 1370 559 1431 εὕρημα
591 1377 738 1429 συκῆς.
796 1380 880 1421 Pro
910 1376 1166 1429 θιιοπαγές,
1195 1383 1242 1419 ut
1265 1379 1389 1432 vulgo
1420 1378 1462 1419 h.
1485 1380 1514 1420 Ι.

37 1447 203 1502 legitur,
231 1449 265 1489 B
297 1453 340 1489 et
369 1449 477 1491 MSS
507 1450 809 1492 Casauboniani
840 1451 1122 1504 praebuerunt
1150 1447 1421 1504 θειοφανὲς,
1451 1456 1514 1490 at-

38 1531 121 1573 que
148 1519 205 1560 ita
233 1520 356 1560 etiam
387 1520 479 1561 eod.
510 1521 542 1562 Β
573 1522 679 1562 libro
711 1522 790 1572 111,
822 1522 893 1562 ubi
923 1523 1047 1576 vulgo
1078 1519 1337 1574 θειοφαγές.
1387 1522 1514 1562 Com-

39 1590 164 1632 mode
191 1591 607 1646 Schweighaeuserus
635 1593 758 1634 affert
788 1594 1040 1646 epigramma
1070 1593 1179 1646 apud
1206 1592 1449 1634 Pausaniam
1479 1592 1513 1642 1,

39 1661 96 1702 87
134 1662 177 1702 in
205 1662 424 1711 Cererem,
464 1675 570 1716 quae
609 1660 783 1718 πρῶτον
811 1658 988 1717 ὀπώρας
1015 1660 1186 1718 καρπὸν
1214 1659 1401 1718 ἔφηνεν,
1427 1661 1436 1714 Ι
1459 1659 1516 1711 ἣν

43 1729 162 1786 ἱερὰν
192 1729 330 1780 συκῆν
358 1730 544 1781 θνητῶν
572 1732 694 1785 γένος
723 1729 982 1786 ἕξονομάζει.
1048 1735 1235 1775 Sosibius
1272 1734 1342 1774 fici
1371 1733 1515 1774 inven-

40 1803 196 1843 tionem
225 1802 277 1842 ad
304 1802 514 1844 Bacchum
543 1804 674 1845 refert
703 1805 813 1857 apud
846 1806 998 1846 Athen.
1030 1805 1091 1845 111
1123 1818 1163 1858 p.
1193 1805 1250 1844 78
1267 1817 1302 1845 ο.
1341 1803 1416 1844 Cfr
1432 1806 1514 1844 Lo-

39 1872 210 1914 beckins
246 1873 453 1926 Aglaoph.
490 1888 530 1928 p.
560 1876 658 1916 702.
728 1873 952 1931 Μητρῷον
988 1873 1214 1928 μελέδημα
1254 1876 1378 1915 ficum
1417 1875 1515 1916 dicit

41 1955 124 1985 nou
152 1943 297 1993 aliam,
328 1944 494 1997 opinor,
525 1946 578 1986 ob
610 1959 799 1996 causam,
830 1960 951 2000 quam
982 1947 1092 2001 quod
1123 1951 1296 1986 matrem
1327 1959 1442 1986 suam
1472 1948 1514 1987 in

40 2015 192 2055 ficuum
221 2014 380 2055 cultura
409 2016 598 2058 eximiam
628 2030 767 2058 curam
797 2031 954 2071 ponere
985 2019 1254 2067 memineram
1296 2018 1374 2058 nisi
1404 2018 1516 2057 forte

45 2083 265 2138 Phrygiam
294 2086 510 2127 mulierem
541 2087 646 2129 haec
676 2089 790 2141 loqui
820 2089 1132 2129 existimandum
1164 2095 1241 2129 est.
1273 2113 1327 2120 ——
1358 2090 1429 2129 Vs.
1463 2090 1516 2128 16

47 2148 269 2209 εὑρήματα
295 2156 715 2211 Schweighaeuserus
755 2164 796 2199 et
827 2159 1059 2208 Poreonus,
1096 2172 1218 2211 quem
1257 2160 1352 2199 vide
1394 2161 1516 2199 etiam

47 2224 99 2266 ad
123 2226 332 2280 Euripidis
361 2228 498 2269 Orest.
530 2229 655 2269 1⁰51.
716 2230 829 2270 Libri
858 2221 1040 2283 εὕρημα.
1099 2231 1232 2270 Recte
1271 2235 1408 2269 autem
1448 2226 1517 2268 εὑ-

48 2290 223 2359 ρήματα
252 2298 305 2338 de
324 2299 478 2350 fructu
506 2298 720 2354 Phrygiae
737 2303 852 2355 ficus
882 2301 1044 2342 arboris
1084 2313 1177 2343 cum
1207 2301 1423 2342 Athenaeo
1454 2300 1516 2341 iu-

47 2370 294 2420 terpretatur
322 2368 754 2423 Schweighaeuserus.

756 2485 811 2527 Π.

213 2557 270 2612 ‘Q
298 2562 343 2606 δὲ
373 2563 449 2615 σὸς
471 2565 603 2618 πένης
630 2564 742 2620 ἔστ’,
770 2558 803 2608 ὦ
834 2567 1028 2621 γλυκεῖα·
1063 2566 1190 2610 τοῦτο
1221 2566 1268 2609 δέ

219 2644 382 2703 δέδοιχ’
410 2647 433 2690 ὁ
463 2650 663 2702 θάνατος
692 2652 744 2694 τὸ
774 2653 907 2706 γένος,
938 2646 995 2702 ὥς
1025 2666 1178 2707 φασιν,
1208 2649 1361 2707 μόνον.

223 2724 247 2771 ὁ
275 2730 378 2784 γοῦν
411 2733 698 2793 Τιθύμαλλος
727 2735 960 2788 ἀθάνατος
989 2737 1267 2795 περιέρχεται.
