1702 3158
523 150 995 197 ΦῙΛΟΘΗΒΑΙΟΣ.
1375 159 1384 161 ’
1421 155 1504 196 127

25 275 193 329 egregia
223 271 380 314 scilicet
408 274 451 312 tu
482 283 560 311 nec
589 271 774 324 speranti
807 270 908 311 mihi
938 282 1071 324 paras.
1120 295 1171 301 —-
1233 268 1304 310 Vs.
1337 269 1391 309 10
1423 282 1506 310 πα·
1527 289 1536 293 -

26 344 158 393 σθεὶς
189 345 222 385 C
266 349 307 383 et
339 344 437 396 epit.
470 343 653 383 Hoesch.
703 339 932 388 σπασθεὶς
962 341 1046 382 ΑΒ.
1093 338 1170 379 καὶ
1200 338 1429 388 σπασθεὶς
1459 342 1505 382 1..

24 416 99 458 καὶ
132 413 328 462 πεισθεὶς
362 415 409 455 V.
470 414 736 454 casaubonus
781 407 1110 462 καταπλυθείς,
1148 411 1362 452 Dobraeus
1400 412 1504 454 Λᾶν.

26 489 65 530 11
95 502 136 543 p.
166 489 250 528 347
277 480 524 532 ἐκπλυθείς.
584 485 742 538 Recepi
772 482 971 531 πασθὲὶς
999 484 1040 523 h.
1058 496 1095 524 e.
1129 496 1385 537 conspersus,
1416 484 1503 532 scil,

26 561 112 601 sale
151 559 322 611 aliisque
363 557 404 596 id
440 568 572 609 genus
611 551 872 611 ἀρτύμασιν.
943 553 1019 596 Cfr
1050 554 1227 594 Cratetis
1260 555 1358 595 Fer.
1390 554 1422 604 1,
1450 554 1505 594 10

27 636 69 672 et
99 631 225 671 Dorio
255 628 461 670 Athenaei
477 626 578 669 VllI
604 641 644 680 p.
663 627 747 666 309
765 627 794 667 f.
856 627 1015 667 Ibidem
1046 623 1258 678 στραφεὶς
1279 623 1505 680 χρωσθεὶς

26 702 133 742 ABG
174 705 215 740 et
258 700 355 752 epit.
389 698 574 738 Hoesch.
628 696 853 751 χρωσθεὶς
893 695 1104 750 στραᾳιὶς
1141 697 1227 739 VL.
1281 695 1506 750 χρωσθεὶς

24 775 139 812 recte
170 772 385 811 Dobraeus
415 769 714 821 iuterpretatur
742 769 868 820 fried
897 768 1047 809 brown.
1108 793 1164 800 —
1226 768 1294 810 Vs.
1328 769 1377 808 11
1422 769 1504 809 Do·

26 843 174 884 bracus
204 839 415 881 tentabat:

254 905 366 964 ὁμοῦ
396 921 439 947 τι
469 903 576 963 πρὸς
604 906 724 955 τέλος
756 902 923 962 δρόμου
953 904 1107 961 περῶν,
1138 905 1269 960 μέλος

253 977 352 1038 ᾄδιι
381 972 608 1033 κεκραγώς.

26 1052 206 1094 Facilius
246 1054 412 1094 credam
447 1048 576 1105 μέρος
608 1050 869 1103 depravatam
909 1050 1132 1091 lectionem
1171 1063 1263 1091 esse
1297 1050 1408 1090 vocis
1437 1047 1505 1089 τέ-

27 1121 114 1174 λος,
145 1128 187 1167 et
217 1137 299 1165 vss.
331 1125 386 1163 10
416 1127 458 1163 et
488 1123 540 1162 11
571 1123 629 1162 ita
659 1134 752 1162 esse
783 1122 1044 1179 scribendos:

140 1189 351 1249 morpeug,
381 1188 624 1243 λεπισθεὶς,
657 1188 950 1243 [ἐκπλυθιίς,]
981 1186 1191 1241 πασθείς,
1223 1189 1447 1244 στραᾳείς,

133 1261 369 1318 χρωσθείς,
403 1259 516 1316 ὁμοῦ
544 1277 586 1303 τι
616 1258 724 1316 πρὸς
755 1260 874 1320 τξλος
905 1257 1075 1317 δρόμου
1104 1259 1247 1315 περῶν

138 1333 244 1385 σίζει
271 1329 499 1388 κεκραγώς.
1261 1391 1268 1393 g

29 1405 112 1446 Pro
155 1403 298 1462 περῶν
338 1403 466 1458 σίζει,
507 1410 618 1461 quod
648 1412 681 1451 G
711 1410 852 1460 habet,
883 1424 933 1451 ex
965 1411 996 1451 P
1027 1415 1240 1451 enotatum
1278 1407 1501 1464 προσήξει.

26 1476 104 1518 Vl,
136 1477 277 1535 περῶν
306 1473 411 1530 ἥξει.
479 1481 629 1524 Versui
660 1482 713 1522 12
752 1482 905 1523 similes
936 1495 1131 1523 numeros
1162 1483 1288 1523 habet
1318 1485 1501 1537 Aeschy-

25 1547 91 1589 lus
125 1550 238 1591 Pers.
267 1552 375 1591 515:
411 1546 586 1609 Θρῄκην
616 1547 884 1606 περάσαντες
911 1547 1039 1605 μόγις
1070 1551 1216 1609 πολλῷ
1245 1549 1378 1610 πόνῳ,
1409 1555 1499 1609 qui-

26 1618 102 1659 bus
138 1633 382 1663 aerumnosa
421 1624 534 1676 longi
571 1624 731 1663 itineris
762 1624 929 1664 tarditas
961 1626 1130 1678 egregie
1160 1627 1415 1679 exprimitur.
1448 1654 1501 1661 —

25 1689 97 1732 ve.
129 1691 182 1731 12
212 1691 358 1747 ῥανῶν
389 1695 643 1734 DiudorfiuS.
672 1694 808 1746 Vulgo
840 1689 998 1749 ῥάνων.
1029 1690 1099 1737 ΒΟ
1128 1692 1306 1751 ραίιων.
1365 1699 1500 1740 Recte

25 1766 161 1802 nutem
203 1775 301 1803 usus
342 1769 404 1804 est
441 1765 582 1806 futuro
623 1770 744 1806 aceto
787 1761 1106 1819 conspersurus,
1154 1768 1242 1808 scil.
1282 1773 1500 1821 postquam

26 1833 179 1885 piscem
210 1835 259 1874 ab
290 1836 387 1888 igne
416 1837 652 1877 removerit.
715 1837 840 1876 Dorio
871 1838 980 1890 apud
1013 1838 1281 1881 Athen.V111
1303 1853 1344 1891 p.
1359 1840 1443 1880 3⁰9
1459 1841 1498 1881 f:

28 1899 96 1943 det
119 1901 277 1952 αὐτοὺς
307 1907 504 1959 (pisces)
536 1902 678 1946 ὀπτᾶν
718 1933 772 1940 —-
813 1907 1062 1962 στρέφοντα
1103 1907 1148 1947 δὲ
1190 1903 1389 1963 evasissem
1423 1911 1500 1951 καὶ

26 1967 299 2016 &numnam
335 1973 408 2016 ἁλὶ
446 1973 591 2034 ὀλίγῳ,
628 1972 914 2032 ἀφελόντα
958 1979 1012 2018 (δὲ
1057 1974 1170 2030 ὄξει
1212 1978 1397 2036 ῥᾶναι.
1441 2008 1498 2016 —-

27 2044 98 2088 Vs.
117 2047 172 2087 13
199 2045 341 2100 Λίβυς
370 2044 541 2097 καυλός.
600 2050 651 2092 V.
679 2050 730 2090 ad
763 2051 914 2091 Athen.
949 2051 966 2090 1
997 2064 1038 2104 p.
1054 2052 1149 2091 28d
1182 2057 1223 2092 et
1255 2053 1295 2097 11
1324 2067 1365 2106 p.
1381 2054 1437 2094 63
1456 2055 1497 2095 d.

25 2140 80 2149 —
119 2119 191 2160 Vs.
223 2120 276 2160 15
314 2120 407 2161 heri
437 2135 529 2162 esse
558 2121 763 2161 intellexit
793 2122 1080 2175 Dalecampius
1110 2124 1180 2175 qui
1209 2129 1324 2164 recte
1355 2126 1498 2166 vertit:

27 2193 71 2230 et
111 2195 213 2230 sunt
257 2193 330 2245 qui
371 2192 483 2233 nihil
515 2206 643 2247 posse
688 2194 980 2241 incantatores
1015 2195 1205 2246 putent?
1290 2195 1497 2237 Goethius

26 2257 166 2300 ranst.
195 2274 236 2313 p.
268 2263 351 2302 133
381 2265 509 2317 (Opp.
540 2264 599 2304 lX
630 2264 694 2304 ed.
725 2264 868 2314 Vind.)
898 2262 1000 2305 Nun
1028 2278 1109 2319 sag
1137 2266 1220 2304 mir
1246 2266 1368 2316 Eius,
1398 2281 1500 2308 man

26 2328 104 2370 wll
129 2330 225 2371 lcein
258 2332 436 2375 Wunder
469 2333 666 2389 glauben.
739 2335 975 2375 Dobraeus:
1019 2337 1203 2385 „Servus
1241 2337 1345 2377 hero
1382 2339 1495 2390 dicit,

27 2411 74 2442 oc
101 2401 290 2443 alicunde
307 2418 472 2456 parasse
496 2406 607 2446 unde
631 2411 808 2446 coenent
838 2404 881 2444 οἱ
912 2407 1034 2459 τρεῖς,
1066 2408 1320 2457 adolescens,
1352 2411 1496 2461 amica,

30 2464 94 2511 dui
122 2485 271 2513 nomen
303 2480 391 2514 erat
419 2477 605 2525 Boeotia,
637 2483 679 2516 et
707 2478 797 2530 ipse
827 2491 985 2518 servus.
1045 2479 1222 2518 Miratus
1253 2479 1495 2522 adolescens

30 2551 123 2581 cum
151 2543 372 2596 alloquitur
402 2551 448 2586 ut
477 2560 640 2601 magum
672 2551 714 2587 et
742 2548 1079 2589 incantatorem.”
1124 2575 1177 2581 —
1223 2551 1291 2591 Vs.
1324 2552 1376 2591 16
1403 2566 1496 2604 μα-

31 2609 244 2662 σωμένους
273 2615 354 2657 Bc.
398 2617 715 2671 μασσωμένους
745 2616 868 2662 PVL.
926 2646 982 2652 —
1046 2621 1118 2663 Vs.
1149 2622 1203 2661 17
1241 2620 1323 2660 σοῦ
1353 2621 1493 2662 ταῦτα

32 2681 358 2737 συστρὲᾳοντος,
387 2689 485 2729 dum
514 2694 563 2729 tu
592 2690 694 2730 haec
724 2697 984 2745 contorques,
1014 2692 1055 2732 h.
1088 2705 1125 2732 e.
1157 2693 1376 2734 verborum
1409 2708 1494 2734 am-

28 2749 198 2805 bagibus
242 2755 426 2800 involvis.
503 2760 760 2814 Antiphanes
798 2762 1020 2815 Aphrodis.
1053 2762 1086 2812 1,
1126 2764 1201 2804 17:
1240 2758 1354 2803 ἄλλα
1392 2777 1492 2804 συ-
