1702 3158
561 118 939 163 ANTIPHANES.

693 234 825 276 xxn.

23 304 236 366 Musarum
266 322 412 363 studiis
441 312 602 362 adsidet
632 331 763 371 usque
794 323 836 359 et
867 319 1011 369 literis,

22 396 87 437 ubi
117 400 326 436 certamen
357 392 539 434 cernitur
569 390 810 444 sapientiae.

15 502 19 527 ‚
672 474 827 516 xxm.

2 533 130 610 ‘lvere
161 551 330 591 deorum
362 549 442 590 vita
472 553 548 597 est,
579 547 734 589 alienas
765 546 894 599 dapes

16 616 109 673 {esse
139 634 216 663 nec
246 620 297 662 ad
322 620 428 661 ullos
460 618 637 660 calculos
667 615 899 657 attendere.

648 701 846 743 XXXIII.

16 779 96 831 Qui
126 791 171 819 se
200 776 367 818 cottidie
397 777 555 830 implet,
584 775 620 815 is
650 775 698 814 fit
725 771 960 813 marcidus·

16 849 56 892 lat
85 848 334 902 diligentiam
364 847 474 887 acuit
503 846 572 899 qui
600 845 786 900 paullum
816 843 986 885 adbibit.

655 928 848 971 XXXIX.

15 1002 94 1056 Qui
123 1002 180 1043 nil
209 1000 350 1054 inique
379 1004 513 1055 patrat
540 1001 638 1042 huic
667 1000 764 1054 lege
792 999 903 1040 haud
933 1002 997 1040 est
1026 1011 1143 1054 opus.

698 1084 788 1125 XL.

4 1158 170 1217 ,είιιίιιειια
199 1157 312 1198 lucra
342 1157 537 1211 gaudium
567 1157 733 1211 pariunt
763 1155 903 1205 breve,

4 1234 54 1271 ὶὲιι
81 1230 227 1283 longos
257 1232 399 1270 contra
426 1228 563 1270 luctus
591 1232 687 1282 post
716 1230 881 1280 tergum
910 1226 1093 1268 trahunt.

697 1311 810 1355 XLI.

0 1385 50 1449 ‘1⁰
78 1384 218 1425 miseri
248 1383 394 1435 quibus
423 1383 476 1424 ad
505 1384 665 1425 lucrum
693 1383 1014 1438 respicientibus
1067 1390 1074 1394 “

16 1457 180 1500 nonesto
210 1454 392 1505 sordent,
421 1455 723 1496 antehabentur
747 1455 910 1508 turpia.

16 1511 196 1593 capiendi
226 1526 393 1567 aviditas
423 1527 503 1576 vim
534 1527 724 1581 sapiendi
754 1526 979 1568 obnubilat.

656 1612 775 1653 XLII
806 1625 843 1653 a.

16 1657 201 1724 Mortalis
230 1693 321 1722 cum
351 1683 420 1733 sis,
448 1683 556 1724 intra
585 1682 802 1724 mortalem
831 1694 944 1736 sape.

643 1768 759 1809 XLII
790 1769 831 1809 b.

23 1837 173 1879 *ullius
205 1850 287 1878 ess.
274 1863 297 1876 ,
328 1836 534 1877 conscium
565 1839 734 1902 sceleris
764 1838 843 1879 sibi

16 1909 131 1955 ‘witam
162 1921 237 1962 per
268 1921 431 1949 omnem
461 1909 584 1962 plena
613 1899 681 1950 res
714 1914 777 1950 est
806 1909 958 1962 gaudii.

665 1995 817 2036 XLIII.

17 2073 144 2128 ἰ,Ηι“,ι·ιι
173 2079 353 2132 quisquis
386 2083 628 2132 aspernatur
657 2079 863 2120 iurantem
893 2078 1070 2118 alterum

17 2162 129 2210 luem
159 2162 236 2190 non
267 2155 521 2204 compertum
553 2151 713 2190 noverit
743 2149 943 2203 periiurii,

17 2194 182 2270 {lectum
210 2221 278 2261 hic
306 2222 516 2274 aspernari
546 2221 864 2262 sanctitudinem

17 2278 56 2342 et
81 2290 170 2345 ipse
196 2292 404 2345 peierasse
433 2297 651 2346 suspectus
681 2292 783 2333 mihi
814 2296 889 2332 est.

669 2378 819 2419 XLIV.

17 2444 135 2493 Furit
161 2446 229 2497 qui
257 2446 320 2487 ius
348 2448 566 2488 iurandum
599 2446 736 2488 defert
766 2449 968 2501 improbo.

17 2519 160 2557 gcontra
189 2516 236 2556 Di
264 2517 420 2558 faciunt
449 2531 568 2571 quam
596 2519 732 2559 solent
761 2521 1000 2571 antiquitus.

17 2595 117 2624 mam
144 2585 309 2629 simulac
338 2590 569 2642 peieratum
600 2593 679 2639 est,
707 2589 792 2630 ictu
822 2590 1007 2631 fulminis

18 2644 244 2706 {percutitur
269 2659 305 2700 is
335 2660 405 2712 qui
432 2660 498 2701 ius
527 2659 744 2701 iurandum
776 2661 950 2710 detulit3

17 2725 170 2770 merito
197 2729 448 2782 mehercule,
479 2733 670 2784 quoniam
700 2735 858 2774 temere
888 2730 1078 2774 credidit.

1410 117 1495 160 668
