1702 3158
567 135 945 180 ANTanANES.

703 252 812 295 LVI.

26 335 90 377 Ne
121 341 270 383 corpus
301 337 422 367 ornes
453 325 540 364 arte
569 323 852 376 pigmentaria,

27 405 102 447 sed
134 415 206 443 cor
235 397 420 441 honestis
450 395 634 436 moribus
665 408 712 436 ac
741 394 860 434 factis
890 393 1043 447 probis.

700 465 829 506 LVII.

30 546 146 590 Ain?
177 543 352 584 celatum
383 537 492 590 quod
523 536 639 586 velis,
669 536 710 575 id
741 535 909 588 coniugi

32 624 130 660 tuae
158 611 379 670 propales?
407 608 449 648 id
478 621 590 657 vero,
622 620 790 660 quaeso,
821 606 920 659 quid
951 610 1014 646 est

34 701 115 732 msl
144 685 362 728 indicinam
391 679 530 721 facere
560 678 641 720 fori
670 678 978 732 praeconibus?
1011 728 1013 730 q

145 802 150 808 ι
597 750 731 792 LVIII
762 763 798 790 a.
831 750 870 790 b.
903 762 939 789 c.

41 827 234 883 Quisquis
264 824 397 865 vereri
429 822 546 862 discit
577 822 653 862 ista
684 821 865 862 aetatula

39 910 137 942 suos
159 898 363 949 parentes,
393 893 542 932 indolis
573 892 645 931 ille
676 897 739 931 est
768 904 850 932 non
883 891 1040 939 malae3

35 973 77 1011 at
107 965 288 1020 quisquis
318 963 381 1003 ius
412 967 454 1004 et
485 975 662 1015 aequum
692 975 774 1002 non
805 964 988 1015 praestat
1018 960 1140 1014 patri,

37 1039 275 1081 contemnet
303 1035 413 1075 idem
444 1033 568 1074 facile
599 1037 802 1086 quotquot
831 1038 927 1074 sunt
959 1033 1074 1073 deos.

37 1123 132 1153 nam
162 1120 231 1148 res
262 1105 422 1159 pudore
453 1105 575 1157 digna
606 1109 669 1145 est
698 1109 858 1158 patrem
888 1104 1078 1145 vincere:

46 1195 71 1223 a
100 1182 218 1234 patre
247 1177 354 1218 vinci
384 1175 532 1217 nobilis
563 1176 747 1216 victoria.

716 1246 824 1287 LIX.

44 1321 193 1364 Dilecti
223 1319 307 1360 nati
337 1330 429 1359 cum
460 1317 556 1371 quid
586 1316 692 1358 facio
722 1319 765 1359 in
794 1317 983 1371 gratiam,

48 1405 126 1448 ego
154 1391 246 1445 ipse
273 1394 427 1430 memet
457 1389 601 1430 videor
630 1389 902 1430 munerarier.

724 1461 813 1501 LX.

49 1533 195 1586 Nugae
225 1543 364 1572 merae
392 1533 502 1580 sunt,
533 1529 611 1571 alia
641 1532 675 1572 si
705 1543 806 1571 auro
838 1542 1068 1584 compares,

51 1607 100 1644 ut
128 1602 193 1643 cui
221 1606 300 1642 stat
327 1602 589 1655 incorruptus
619 1607 791 1643 naturae
821 1602 938 1655 vigor

52 1674 244 1725 idemque
273 1672 430 1711 vultus:
461 1684 553 1712 cum
585 1685 724 1713 mores
753 1673 957 1714 sodalium

55 1743 220 1786 fortuna
251 1742 389 1796 pingat
418 1742 564 1784 formis
595 1745 884 1786 discoloribus.

0 1856 1 1862 ,
56 1813 348 1869 exploratrices
376 1813 636 1866 ingeniorum
667 1821 764 1856 sunt
794 1829 919 1869 opes:

0 1873 1 1910 ἕ
56 1899 150 1928 nam
181 1884 249 1938 qui
281 1885 472 1926 secundis
502 1887 627 1926 rebus
657 1888 756 1928 vivit
787 1887 977 1940 turpiter,

0 1949 4 1997 ξ
58 1959 156 2014 quid
183 1970 368 2013 pressum
399 1962 644 2012 paupertate
674 1958 882 1999 facturum
915 1959 1065 2012 putas?

676 2030 770 2070 LXI
802 2043 838 2069 a.
871 2030 910 2070 b.

4 2112 6 2122 ’
65 2102 276 2157 Nunquam
305 2099 657 2142 beatum‘credidi
688 2104 885 2153 quantum
915 2101 1019 2141 libet

6 2200 9 2212 .
69 2173 322 2226 opulentum,
351 2173 420 2225 qui
451 2185 498 2212 re
527 2176 643 2225 parta
674 2171 854 2212 nesciret
883 2170 980 2212 frui.

7 2254 9 2258 '
67 2229 121 2287 At
147 2255 221 2284 nos
251 2243 428 2293 divitiae,
460 2256 549 2283 mos
579 2247 626 2283 ut
655 2247 718 2283 est
748 2242 920 2282 medicis
951 2243 1081 2292 malis,

8 2317 11 2323 '
70 2325 212 2356 caecos
240 2312 428 2356 efficiunt
457 2326 549 2355 cum
581 2314 766 2355 oculatos
798 2313 1047 2367 acceperint.

736 2385 866 2425 LXII.

12 2491 13 2494 ,
74 2453 140 2495 Sis
166 2467 323 2509 pauper
351 2456 530 2497 honeste
559 2456 697 2510 potius
729 2469 850 2509 quam
881 2456 996 2495 dives
1027 2454 1162 2494 male:

12 2556 14 2559 .
74 2535 242 2579 namque
267 2527 349 2567 hoc
377 2527 462 2569 fert
492 2528 660 2576 crimen,
690 2528 795 2567 illud
827 2526 1171 2568 misericordiam.

723 2599 871 2639 LXIII.

76 2665 175 2708 Esto
203 2667 362 2709 animus
393 2668 529 2719 dives3
560 2683 654 2710 nam
687 2671 855 2711 divitiae
886 2672 1087 2721 caeterae·

17 2759 20 2766 ·
75 2739 290 2790 pascendis
319 2741 450 2782 oculis
479 2741 586 2782 vitae
615 2745 710 2783 sunt
741 2740 997 2801 choragium.

1415 129 1499 172 665
