1702 3158
211 131 295 173 392
774 138 780 144 ·
803 125 1060 166 Ametms
1682 108 1696 154 ἰ

215 243 313 285 silv.
341 242 432 282 crit.
462 241 501 281 11
531 253 571 293 p.
599 239 668 279 71.
726 232 853 290 μείζω
882 237 1038 278 ABPV.
1081 233 1208 289 μείζω
1236 249 1280 277 τι
1308 239 1355 279 L.
1414 266 1468 273 --
1524 242 1594 284 Vs,
1624 244 1651 283 8

213 305 291 351 ἐὰν
318 305 362 350 δ’
392 324 466 363 pro
495 304 571 348 ἐάν
598 302 643 346 τ’
676 306 908 347 Dindorfius
939 319 987 345 ex
1018 307 1064 347 B.
1103 302 1319 362 ἐρωτήσῃς
1348 309 1394 350 C.
1435 306 1652 363 ἐρωτήσας

211 381 334 422 BPV.
362 374 595 432 ἐρωτήσαις
624 377 670 416 L.
701 371 900 427 ἐρωτήσω
929 377 1109 416 tentabat
1139 377 1384 418 Dindorfiue.
1415 405 1467 411 —-
1496 381 1567 422 Vs.
1599 382 1652 420 10

211 443 315 488 ῶνεῖ
338 450 422 490 Ac.
447 443 534 504 ω’νῇ
565 446 683 486 PVL.
712 442 891 484 τοσουδὶ
923 446 1129 486 nobraeus
1159 447 1207 487 ad
1234 448 1515 501 Aristophanis
1546 451 1652 491 Plut.

211 518 308 558 861.
374 517 480 557 PVL
524 511 623 561 τοὺς
664 509 716 553 οὐ
761 512 838 553 δεῖ.
905 516 937 555 C
981 513 1056 554 τοῦ
1099 528 1169 555 σοι
1209 514 1285 558 δεῖ.
1355 519 1506 560 Οοταέε
1547 521 1653 573 apud

217 585 646 639 Schweighaeuserum
678 578 810 624 τόσου
839 580 917 624 δεῖ.

826 696 899 737 ΠΙ.
957 696 1025 738 IV.

865 777 961 818 Καὶ
989 775 1071 833 γὰρ
1100 775 1256 832 ἑψητοί
1285 791 1395 828 τινες

426 857 631 913 παρῆσαν
657 855 763 914 ἡμῖν
791 857 1015 901 δαιδάλεοί
1043 875 1145 910 πως.

467 945 488 966 ἡ
767 948 787 970 1·
1069 948 1088 968 οι
1369 944 1389 965 ¹⁸¹

430 994 528 1038 Τῶν
556 986 636 1036 οὖν
662 996 899 1053 κορακίνων
929 1001 1080 1055 πεῖραν
1109 997 1203 1053 οὐχὶ
1231 996 1488 1054 λαμβάνειςς

423 1076 524 1122 οὐδὲ
552 1081 766 1137 τριχίδων,
794 1078 892 1123 οὐδ’
923 1076 1018 1123 οἷον
1044 1081 1219 1136 ἑψητῶν
1245 1081 1398 1136 τινῶν;

313 1180 548 1225 Athenaeus
576 1185 655 1227 vll
685 1199 725 1238 p.
755 1185 834 1225 301
851 1199 887 1226 a.
927 1185 979 1226 de
1015 1181 1192 1237 ἑψητοῖς
1221 1197 1367 1238 agens:
1396 1177 1571 1233 ’Ἄλεξις
1606 1180 1652 1222 ἐν

200 1243 600 1308 Ἀπεγλαυκωμένῳ
633 1252 724 1292 Καὶ
752 1251 833 1306 γὰρ
863 1280 917 1288 -
947 1250 1172 1294 δαιδάλεοί
1199 1267 1302 1302 πως,
1350 1249 1404 1293 τὰ
1432 1249 1513 1306 γὰρ
1541 1249 1652 1292 καλά

202 1314 347 1358 πάντα
374 1319 596 1362 Δαιδάλου
636 1320 844 1363 καλοῦσιν
883 1320 1000 1376 ἔργα.
1056 1323 1129 1364 καὶ
1171 1321 1302 1364 πάλιν
1344 1320 1442 1363 Τῶν
1479 1311 1557 1362 οὗν
1595 1349 1652 1356 --

201 1385 353 1439 τινῶν;
384 1392 586 1433 Athenaei
605 1394 740 1443 verba,
770 1389 825 1432 τά
852 1390 934 1447 γὰρ
963 1389 1073 1433 καλά
1091 1388 1234 1433 πάντα
1245 1390 1464 1434 Δαιδάλου
1491 1390 1652 1432 καλοῦ-

201 1468 275 1496 σιν
302 1453 418 1512 ἔργα,
449 1461 552 1503 falso
582 1475 657 1515 pro
687 1463 893 1504 Alexideis
921 1463 1112 1504 habuisse
1143 1465 1335 1514 editores,
1361 1464 1500 1504 monui
1531 1464 1650 1505 Curi·

201 1527 291 1568 crit.
320 1541 360 1581 p.
390 1530 459 1570 32.
489 1531 611 1572 allato
640 1533 847 1573 Eustathii
875 1533 966 1573 loco
995 1546 1036 1586 p.
1069 1534 1177 1572 1169
1208 1534 1284 1574 12:
1322 1529 1542 1573 Δαιδάλου
1569 1529 1651 1587 γάρ

199 1591 381 1636 ἐκάλουν
420 1594 546 1651 ἔργον
582 1599 671 1640 πᾶν
708 1600 757 1641 τὸ
793 1598 939 1644 καλόν.
998 1600 1068 1643 διὸ
1106 1602 1180 1643 καὶ
1207 1598 1384 1653 ”Αλεξίς
1422 1614 1558 1656 φησιν
1594 1599 1652 1649 ὠς

200 1661 357 1718 ἑψητοί
386 1679 495 1716 τινες
523 1669 732 1722 παρῆσαν
762 1666 985 1712 δαιδάλεοί
1014 1686 1122 1722 πως,
1159 1667 1295 1724 ἤγουν
1333 1667 1471 1712 καλοί.
1527 1672 1650 1713 Haud

199 1736 339 1789 inepte
368 1741 502 1780 tamen
532 1739 739 1793 Reisigius
770 1743 952 1784 Coniect.
982 1757 1023 1796 p.
1054 1744 1133 1782 131
1167 1743 1437 1783 coniectabat:

283 1803 495 1860 παρῆσαν
523 1803 627 1860 ἡμῖν
655 1807 887 1861 δαιδάλεοι,
918 1810 971 1861 νή
1002 1808 1079 1851 τὸν
1108 1808 1204 1851 Δία.

282 1872 341 1915 Β.
370 1873 460 1923 πῶς
489 1873 730 1930 δαιδάλεοις
756 1878 814 1921 A.
847 1878 900 1921 τά
928 1878 1009 1935 γάρ
1036 1877 1148 1920 καλὰ
1177 1874 1321 1919 πάντα
1350 1875 1572 1920 Δαιδάλου

278 1941 487 1984 καλοῦσιν
516 1943 633 2001 ἔργα.

197 2012 281 2053 Pro
312 2010 557 2066 δαιδάλεοι,
597 2022 648 2067 utx
669 2019 701 2058 G
731 2022 773 2059 et
801 2020 1041 2061 Eustathius
1069 2021 1242 2069 habent,
1283 2019 1326 2059 in
1355 2019 1425 2059 ΑΡ
1455 2019 1646 2059 scribitur

199 2079 465 2125 δαιδαλαῖοι.
525 2087 557 2126 Β
591 2082 854 2129 δαιδάλαιοι.
919 2090 991 2131 VL
1029 2087 1274 2137 δαιδαλέοι,
1312 2101 1431 2141 quam
1461 2084 1645 2128 τόνωσιν

197 2153 388 2194 reficiunt
417 2155 677 2198 Herodianus
707 2158 802 2199 dict.
833 2159 940 2199 solit.
969 2172 1010 2212 p.
1040 2161 1080 2209 4,
1108 2161 1135 2200 7
1165 2163 1207 2199 et
1234 2158 1431 2201 Arcadius
1457 2171 1498 2212 p.
1528 2159 1596 2200 39.

513 2318 1226 2365 ΑΠΟΚΟΠΤΟΜΕΝΟΣ.
1283 2325 1323 2375 1*)

905 2412 938 2451 I.

917 2492 1105 2544 Λέγεται
1131 2489 1213 2547 γάρ
1242 2486 1367 2544 λόγος

355 2569 441 2613 ὑπὸ
472 2570 559 2611 τῶν
587 2574 823 2626 σοφιστῶν,
852 2575 913 2629 μή
944 2576 1160 2618 πέτεσθαι
1187 2574 1264 2616 τὸν
1292 2571 1405 2616 θεόν

273 2682 307 2726 ·)
330 2683 374 2717 v.
398 2683 488 2719 Hist.
523 2684 599 2718 crit.
626 2697 658 2729 p.
683 2686 764 2721 397.
