1702 3158
190 154 272 193 420
792 147 1048 189 ALEXIDIS

299 254 534 296 Athenaeus
565 254 620 295 lv
649 267 687 305 p.
719 252 865 292 159d:
900 247 1158 307 Χρύσιππος
1189 278 1240 284 -—
1269 250 1497 293 νεανίσκον
1526 252 1637 308 φησί

193 337 291 363 τινα
336 321 381 362 ἐκ
425 320 501 371 τῆς
541 318 716 368 Ἰωνίας
760 317 936 375 σφόδρα
984 318 1193 361 πλούσιον
1239 319 1507 374 ἐπιδημῆσαι
1547 324 1640 372 ταῖς

188 388 428 441 ’Λθὴναις.
448 416 501 422 —-
530 389 873 442 πυνθανομένου
904 389 948 430 δέ
977 403 1093 438 τινος
1122 387 1254 429 αὐτοῦ
1282 388 1480 440 ποδαπός
1509 390 1637 443 ἐστιν,

192 458 524 514 ἀποκρίνασθαι
554 453 622 497 ὅτι
652 455 869 507 πλούσιος.
922 457 1087 512 μήποτε
1119 458 1194 499 τοῦ
1222 456 1357 499 αὐτοῦ
1384 458 1640 514 μνημονεύει

196 531 270 571 καὶ
294 527 470 578 ”Αλεξις
499 525 544 565 ἐν
566 525 777 578 Θηβαίοις
804 529 940 580 λέγων
967 521 1052 568 ὦδε
1071 525 1227 569 ’Έστιν
1256 528 1300 569 δὲ
1326 527 1523 578 ποδαπός
1552 530 1639 570 κτλ.

192 603 264 642 Vs.
301 602 327 639 3
362 588 474 635 εἶναι
512 597 666 637 addidit
703 599 948 640 Dindorfius.
1014 601 1124 640 Idem
1162 596 1300 646 οὐδεὶς
1338 614 1410 652 pro
1441 596 1539 639 οὐδὲ
1568 590 1641 650 εἷς,

196 675 238 710 et
275 662 534 719 ἒῦπάϊριδας
579 680 652 719 pro
696 663 977 723 εὐπατρίδας,
1021 671 1136 710 cuius
1179 670 1411 711 mutationis
1454 671 1640 711 idoneam

196 750 356 779 causam
385 749 465 777 non
497 735 630 776 video.

587 908 1269 956 ΘΗΤΕΥΟΝΤΕΣ.

447 1023 606 1085 ’Ὀρκος
637 1027 813 1084 βέβαιός
842 1029 959 1072 ἐστιν
988 1029 1044 1072 ἂν
1071 1029 1207 1072 νεύσω
1236 1029 1384 1086 μόνον.

306 1120 503 1161 Stobaeus
546 1123 686 1163 Floril.
726 1122 883 1164 XXVII
921 1122 948 1161 3
985 1133 1077 1162 cum
1113 1123 1304 1162 lemmate
1336 1115 1559 1169 Ἀλέξιδος
1597 1116 1640 1157 ἐκ

202 1183 497 1238 Θητευόντων.

657 1362 1203 1406 ΘΡΑΣΩΝ.

841 1484 934 1525 Σοῦ
963 1481 1011 1525 δ’
1044 1482 1121 1538 ἐγώ
1154 1483 1411 1538 λαλιστέραν

418 1561 643 1607 οὐπώποτ’
672 1557 790 1607 εἶδον
819 1565 915 1608 οὕτε
945 1565 1178 1623 κερκώπην,
1209 1563 1350 1620 γύναι,

420 1646 470 1688 οὐ
497 1647 661 1703 κίτταν,
691 1647 768 1692 οὐκ
797 1647 969 1705 ἀηδόν’,
1003 1649 1100 1693 οὔτε
1129 1645 1319 1706 τρυγόν’,
1347 1645 1399 1690 οὗ

421 1731 606 1785 τέττιγα.

312 1821 549 1863 Athenaeus
579 1823 636 1864 1v
666 1837 706 1874 p.
737 1824 819 1862 133
836 1825 884 1863 b:
905 1818 1082 1872 ’Ἄλεξις
1108 1820 1154 1861 ἐν
1187 1817 1389 1875 Θράσωνί
1416 1833 1527 1873 φησι
1553 1815 1647 1859 Σοῦ

203 1884 252 1926 δ’
281 1886 358 1940 ἐγώ
400 1890 489 1931 κτλ.
554 1891 794 1931 Eustathius
831 1892 881 1931 ad
920 1893 1043 1932 Hom.
1073 1905 1113 1943 p.
1144 1893 1254 1931 1282
1283 1893 1363 1931 41:
1405 1886 1562 1941 ὁμοίως
1600 1886 1646 1927 δὲ

200 1956 275 1997 καὶ
303 1953 328 2005 ἡ
358 1955 549 2011 κερκώπη
578 1958 683 2014 ζῷον
712 1956 819 2009 αὐτη
851 1953 1004 2013 ὅμοιον
1032 1959 1190 2010 τέττιγι
1218 1958 1291 1998 καὶ
1310 1955 1506 2013 τριγονίῳ
1536 1959 1643 2011 (leg.

200 2023 393 2081 τιγονίῳ)
424 2027 519 2081 περὶ
545 2019 606 2066 ὦν
636 2027 765 2077 δηλοῖ
789 2026 812 2069 ὁ
840 2027 1023 2083 κωμικὸς
1041 2025 1215 2078 ''Aa-25⁶9
1244 2023 1372 2067 εἰπών
1383 2026 1476 2067 Σοῦ
1496 2022 1538 2065 δ’
1556 2025 1645 2066 κτλ.

201 2097 358 2136 Eadem
388 2099 627 2138 animalcula
662 2100 704 2140 in
745 2100 888 2140 eadem
917 2114 963 2140 re
999 2099 1226 2151 coniungit,
1264 2098 1439 2137 fortasse
1467 2097 1647 2137 Alexidis

202 2165 338 2205 locum
353 2167 589 2219 respiciens,
619 2169 812 2209 Libanius
826 2170 904 2209 vol.
926 2170 982 2210 IV
996 2182 1035 2221 p.
1053 2169 1152 2208 143:
1182 2162 1386 2218 τρυγόνος
1400 2164 1645 2218 λαλιστέρα,

203 2230 360 2284 κίττης,
391 2232 589 2286 ἀηδόνος,
617 2232 845 2290 κερκώπης.
879 2240 937 2279 De
949 2238 1164 2290 proverbio
1180 2231 1383 2289 τρυγόνος
1397 2232 1645 2288 λαλίστερος

205 2303 288 2343 dixi
316 2304 367 2343 ad
395 2306 610 2348 Menandr.
639 2322 679 2360 p.
698 2307 790 2347 148.
849 2307 1032 2359 Respicit
1062 2307 1182 2346 etiam
1214 2306 1382 2345 Photius
1412 2318 1449 2357 p.
1467 2306 1549 2344 608
1578 2305 1645 2344 10.

212 2368 409 2423 Τρυγώνε
448 2371 497 2413 τὸ
528 2373 651 2431 ζῷον·
690 2372 887 2424 παίζεται
915 2373 961 2414 δὲ
997 2368 1056 2421 εἰς
1084 2371 1162 2423 τὴν
1191 2372 1276 2412 τῶν
1304 2371 1516 2425 γυναικῶν
1542 2384 1647 2412 συν-

206 2437 374 2480 ουσίαν.
437 2444 507 2485 Vn.
541 2446 568 2484 3
608 2446 700 2485 libri
737 2441 788 2483 οὐ
827 2458 901 2497 pro
938 2439 1058 2493 οὔτε,
1095 2444 1202 2495 quod
1239 2443 1518 2495 reponendum
1557 2454 1646 2482 esse

206 2510 306 2549 vidit
336 2511 554 2555 Pon-sonus.
621 2516 682 2555 De
711 2510 807 2553 οὔτε
838 2518 930 2567 post
958 2509 1010 2553 οὐ
1037 2514 1149 2553 illato
1180 2512 1271 2552 vide
1299 2512 1566 2554 Schaeferum
1595 2511 1646 2552 ad

205 2577 318 2620 Bosii
346 2580 527 2633 Ellipses
556 2596 594 2636 p.
608 2583 705 2624 228.

796 2706 1051 2718 ———
