1702 3158
641 155 739 198 AN
741 155 804 198 TI
810 152 965 198 01111.
1439 158 1523 199 2⁰9

156 276 396 320 Athenaeus
425 274 465 316 11
495 287 536 328 p.
557 272 612 314 47
629 273 669 314 b.
700 274 887 326 exempla
918 272 1031 315 vocis
1060 263 1286 321 ὀξύπεινος
1315 267 1519 311 afferens:

41 345 116 389 καὶ
146 342 371 399 Εὔβουλος
400 342 561 395 Ζῆθον
598 343 679 397 μὲν
714 340 867 384 ε’λθεῖν
903 342 995 385 κτλ.
1062 341 1126 384 Ad
1165 340 1375 393 Antiopen
1413 340 1521 382 haec

40 419 138 460 satis
167 417 370 471 probabili
399 416 636 457 coniectura
665 415 878 456 rettulisse
909 415 1011 456 mihi
1039 413 1196 454 videor.
1268 411 1340 453 Vs.
1373 412 1395 450 1
1449 412 1514 452 Ia—

40 490 207 531 cobsius
259 481 475 538 3236213',
532 486 642 540 qnod
688 486 766 526 etsi
802 499 826 526 a
872 490 996 539 poeta
1049 484 1246 536 scriptum
1291 494 1383 522 esse
1431 494 1515 523 non

39 561 193 608 credo,
222 559 332 600 edita
363 564 499 599 tamen
529 558 652 598 lectio
683 557 794 597 haud
825 557 949 597 dubie
979 559 1172 609 corrupta
1204 556 1278 594 est.
1317 552 1516 605 Suspicor

39 624 220 670 ἕνθενδ’
253 630 320 670 vel
350 625 485 679 ἔνθεν
514 629 776 670 scribendum
809 641 924 668 esse:
963 620 1097 667 οἰκεῖν
1124 623 1166 673 ἐς
1201 617 1351 675 Θήβης
1380 620 1516 662 πέδον

38 701 142 743 nihil
170 699 414 741 insolentiae
442 699 580 739 habet.
652 699 852 738 Similiter
881 698 1033 739 dicitur
1063 694 1244 746 ἕζεσθαι
1271 687 1331 741 εἰς
1361 688 1512 734 τόπον.

35 795 91 804 —-
134 771 206 812 Vs.
237 771 264 810 2
295 770 503 809 Iacobsius
534 769 699 808 coniicit
728 764 899 809 κελεύω.
958 795 1012 801 -
1073 769 1143 810 Vs.
1174 767 1201 806 3
1232 766 1401 806 Grotius
1430 767 1513 807 Ex-

34 840 186 894 cerptis
216 839 400 879 tentabat
429 832 453 877 6
494 833 541 876 δ’
575 833 813 888 ὀξύπεινος.
884 840 977 890 Quo
1015 851 1098 879 non
1137 849 1240 890 opus
1273 840 1335 875 est
1363 836 1399 875 si
1428 837 1513 876 Ze-

34 910 152 951 tbum
182 909 224 949 in
255 921 378 948 scena
409 913 669 961 praesentem
700 908 870 949 affuisse
900 912 1067 950 statuas.
1112 934 1165 939 —
1214 906 1285 949 Vs.
1318 906 1345 945 6
1374 900 1512 963 ῥᾷστ’

32 975 101 1020 ἀεὶ
129 982 178 1022 Α.
207 974 353 1035 ῥᾷστα
382 974 437 1028 δὴ
469 979 555 1022 VL.

727 1093 802 1134 ΙΙΙ.

201 1172 536 1231 Καλλίστρατος
564 1173 631 1225 τίςΙ
658 1174 779 1217 ἔστιν
835 1178 855 1200 ⁴¹
913 1179 932 1199 ⁸
990 1172 1008 1192 *
1067 1161 1194 1220 οὗτος
1223 1160 1303 1212 οὗν

201 1259 345 1316 πυγήν
373 1255 569 1315 μεγάλην
598 1251 683 1316 εἶχ’
714 1251 749 1301 ὦ
783 1253 991 1316 Χαριάδη
1021 1255 1096 1298 καὶ
1124 1251 1279 1307 καλήν.

200 1345 257 1387 Β.
288 1345 446 1388 τοῦτον
472 1342 728 1388 καταλεκτέ”
761 1344 883 1387 ἐστὶν
911 1343 954 1395 ἐς
983 1342 1083 1393 τοὺς
1112 1338 1332 1391 κόλλοπας

189 1428 290 1481 τούς
317 1425 604 1487 ἐκδρομάδας.

0 1591 1 1595 ,
136 1545 378 1588 Eustathius
407 1547 459 1588 ad
489 1547 638 1600 odyss.
670 1561 710 1600 p.
743 1547 855 1587 1915
887 1547 965 1587 17:
1009 1539 1137 1584 ἄλλοι
1172 1541 1218 1583 δὲ
1255 1537 1505 1597 γράφουσιν

0 1599 184 1697 {oisstwce
214 1613 385 1669 κόλλοψ
416 1611 580 1670 ταύρου
609 1614 867 1670 ἐπαυχένιον
898 1614 1051 1669 δέρμα,
1082 1612 1127 1665 εξ
1155 1604 1210 1654 οὗ
1238 1612 1313 1653 καὶ
1342 1610 1386 1652 οἱ
1416 1622 1505 1651 των

0 1678 222 1764 ἓόργάνων
250 1682 389 1727 πάλαι
418 1687 524 1727 ποτὲ
553 1683 791 1741 κόλλαβοι·
825 1685 869 1738 ἐξ
900 1681 1040 1726 αὐτοῦ
1070 1683 1142 1734 δέ,
1174 1679 1304 1739 φασί,
1333 1677 1506 1735 κόλλοψ

0 1749 50 1823 ἑὸ
76 1753 264 1812 σκληρὸς
292 1753 399 1812 ὑπὲρ
429 1753 511 1806 τὴν
535 1752 680 1811 ἀκμὴν
708 1753 911 1811 πάσχων,
951 1755 1026 1797 καὶ
1055 1750 1429 1795 κολλοποδιωκται
1460 1750 1505 1792 οἱ

0 1806 166 1880 Ξᾶγριοι
196 1826 293 1882 περὶ
323 1825 523 1869 τοιαῦτα.
567 1826 613 1868 εν
644 1826 690 1868 δὲ
719 1828 811 1876 τοῖς
840 1824 919 1867 τοῦ
951 1822 1260 1880 γραμματικοῦ
1291 1820 1500 1878 Ἀριστο-

0 1890 188 1956 φᾶνους
217 1897 394 1952 φέρεται
425 1896 588 1939 ταῦτα·
630 1894 845 1939 Κὸλλοπα
874 1894 925 1938 τὸ
954 1893 1072 1950 παχὺ
1102 1894 1242 1950 δέρμα
1272 1906 1388 1948 φασι
1425 1890 1498 1933 λέ-

1 1946 186 2018 ᾗγεσθαι
222 1968 296 2009 καὶ
343 1965 422 2009 τὸν
477 1967 564 2010 τῶν
607 1965 807 2025 ὀργάνων
847 1962 1088 2022 κόλλαβον,
1146 1963 1502 2020 παρατιθέμενοι

2 2028 215 2095 ῘὊμηρον
254 2038 329 2080 καὶ
371 2035 530 2089 ἄλλους
571 2036 710 2089 τινάς.
783 2038 919 2095 ἕτεροι
960 2036 1006 2078 δὲ
1045 2030 1158 2078 οὕτω
1199 2032 1383 2076 καλοῦσι
1422 2031 1502 2074 τὸν

3 2121 5 2146 1
29 2107 329 2163 περιτρέχοντα
369 2110 444 2151 καὶ
483 2108 769 2168 ἑταιροῦντα,
808 2107 866 2159 ὠς
895 2109 970 2150 καὶ
1000 2105 1192 2155 Εὔπολις
1215 2104 1262 2145 ἐν
1291 2103 1351 2161 τῷ
1383 2103 1504 2144 Καλ-

3 2173 251 2236 ᾗλίστρατος
277 2177 343 2229 τίς
371 2179 465 2222 ἐστι
493 2181 584 2223 κτλ.
651 2184 770 2224 Haec
814 2183 864 2222 ab
902 2180 1113 2234 Eupolide
1152 2174 1276 2219 scribi
1314 2189 1396 2217 non
1427 2188 1502 2229 po-

3 2248 150 2302 {tuisse
178 2255 302 2303 atque
331 2253 435 2293 adeo
460 2253 658 2307 Eupolidi
675 2252 834 2294 Eubuli
863 2264 1016 2292 nomen
1046 2247 1378 2290 substituendum
1409 2259 1502 2287 esse

0 2320 6 2373 ῥ’
26 2319 163 2360 monui
193 2322 358 2373 Quaest.
390 2337 508 2365 scen.
540 2325 600 2365 111
631 2338 671 2377 p.
703 2324 771 2363 23.
837 2324 899 2363 Ex
939 2321 1117 2372 Antiopa
1158 2318 1294 2358 locum
1335 2317 1501 2356 desum-

2 2393 136 2441 ‹ptum
167 2402 260 2431 esse
290 2392 439 2433 docent
469 2407 575 2446 quae
604 2395 654 2434 ad
683 2394 782 2434 vs.3
813 2392 1010 2444 adscripsi
1041 2390 1166 2430 verba
1183 2388 1498 2429 Antiatticistae.

23 2457 84 2498 De
112 2459 331 2501 callistrati
360 2464 603 2503 nobilissimi
641 2464 815 2504 oratoris
846 2461 1019 2503 mollitie
1060 2465 1101 2500 et
1130 2459 1292 2499 luxurie
1321 2462 1490 2510 praeter

5 2527 153 2580 ?ipsum
182 2530 388 2572 Eubulum
417 2534 458 2572 in
490 2534 866 2587 Sphingocarione‚
909 2534 979 2573 uhi
1010 2534 1138 2585 ipsam
1170 2529 1282 2569 illam
1313 2527 1493 2567 hominis

5 2593 165 2647 ,πυγὴν
208 2601 467 2643 acerbissime
511 2604 632 2653 ridet,
680 2604 776 2644 vide
819 2594 1118 2644 Anaxaudridis
1163 2600 1325 2639 Protes.
1368 2597 1407 2637 11
1454 2600 1496 2635 et

26 2664 336 2721 Theopompum
367 2671 515 2713 Chium
546 2674 750 2714 Athenaei
769 2674 823 2715 IV
856 2687 896 2725 p.
919 2673 999 2712 166
1017 2685 1054 2712 e.
1086 2671 1203 2711 cuius
1234 2669 1339 2709 haec
1368 2667 1495 2707 verba

7 2735 142 2775 ‘suntz
173 2733 506 2793 Καλλίστρατος
536 2740 582 2782 δὲ
614 2739 637 2781 ὁ
661 2738 987 2795 Καλλικράτους
1018 2735 1279 2795 δημαγωγὸς
1308 2736 1382 2777 καὶ
1412 2730 1496 2774 αὐ-

86 2813 250 2849 Comoed.
275 2817 366 2850 med.
1148 2809 1203 2848 14
