1702 3158
486 151 749 195 FABULAE
790 151 847 192 IN
852 149 1096 192 CERTAE.
1456 147 1540 188 373

54 271 171 315 BIA
202 275 244 312 et
273 268 321 310 K
329 264 561 309 YAIfflA.
591 292 644 298 —
677 266 790 308 Vs.8
819 261 1055 319 ἐπουρίσας
1071 262 1164 303 cod.
1183 263 1216 303 Ε
1251 267 1293 303 et
1312 262 1535 302 lacobsius.

24 345 33 349 ’
53 345 192 398 Vulgo
222 337 474 396 ἕπηυρίσας.
521 338 670 388 „Hanc
698 337 981 386 iuvencuiam,
1011 347 1087 376 ceu
1119 334 1259 376 velum
1292 337 1430 382 vento,
1460 333 1537 372 im-

47 416 181 470 pleas.
242 415 346 455 Nam
386 405 580 462 πληροῦν
619 412 662 448 et
701 408 753 448 ad
791 408 904 448 venti
940 411 983 447 et
1013 406 1065 447 ad
1096 405 1171 446 viri
1204 403 1394 445 officium
1427 403 1537 443 desi-

46 485 254 541 gnandum
287 481 436 524 valet.''
466 479 690 520 Iacobsius.
751 478 860 518 Tum
893 477 1164 518 Casaubonus
1195 475 1301 514 νέαν
1334 469 1393 515 δ’.
1456 474 1538 514 Ce-

54 562 190 597 terum
220 554 328 605 „duo
355 552 424 592 illa
454 550 620 591 uomina
649 545 785 603 γραῦς
815 553 858 588 et
888 545 965 587 νέα
996 548 1139 588 nescio
1169 559 1252 599 quo
1284 545 1444 585 ludicro
1475 544 1538 584 in-

48 630 188 675 vento,
228 636 360 676 quove
400 621 554 662 nautici
594 619 797 660 sermonis
834 631 912 659 usu
953 619 1006 658 de
1043 618 1205 658 duobus
1249 617 1352 656 velis
1382 614 1541 656 fuerint

48 693 328 749 accipienda?
371 690 809 743 Schweighaeuserus.
858 714 914 722 -—
961 689 1033 730 Vs.
1066 689 1093 727 4
1125 682 1312 741 εὐτρεπῆ
1341 699 1417 739 pro
1449 685 1538 725 vul-

45 771 142 820 gato
181 759 363 815 ἐντρεπῆ
399 761 591 815 praebuit
631 763 681 802 A.
751 760 869 800 Idem
898 759 1138 800 coniectura
1169 762 1416 809 assequutus
1450 757 1539 795 erat

46 835 331 879 Villebrunius
375 837 416 874 et
457 836 603 885 postea
643 830 842 872 Valcken.
871 830 1000 871 Diatr.
1032 843 1074 882 p.
1104 829 1203 877 235,
1244 840 1325 880 quo
1366 830 1539 866 auctore

42 907 191 959 scripsi
222 900 353 944 ποιοῦ
381 916 456 957 pro
481 898 596 941 ποοῦ
625 905 668 941 et
696 914 756 942 vs.
789 899 817 941 5
845 894 987 946 κάλως
1016 912 1093 952 pro
1125 893 1298 944 κάλους.
1330 920 1385 930 ——
1416 897 1488 938 Vs.
1509 895 1537 935 5

44 974 189 1030 χαλᾶν
218 969 363 1025 πόδα,
392 987 471 1027 qua
502 972 684 1013 dictione
712 971 887 1024 proprio
920 983 1045 1011 sensu
1076 983 1176 1012 usus
1208 973 1272 1010 est
1302 970 1427 1021 poeta
1455 967 1538 1007 inc.

51 1047 162 1101 apud
193 1045 405 1087 Plutarch.
435 1045 548 1085 Mor.
577 1056 618 1095 p.
649 1043 732 1082 819
763 1041 796 1080 Β
835 1039 877 1080 et
906 1042 1130 1094 Euripides
1164 1042 1302 1081 Orest.
1332 1039 1430 1089 706,
1462 1051 1538 1078 no-

49 1123 135 1159 stro
167 1118 260 1157 loco
290 1116 390 1169 quid
419 1112 680 1165 adsignificet
701 1111 824 1150 docet
854 1115 996 1151 notum
1027 1112 1131 1151 illud
1160 1111 1374 1151 oraculum
1394 1111 1537 1162 Aegeo

50 1189 191 1229 datum
221 1187 331 1241 apud
360 1184 604 1238 Euripidem
633 1182 749 1223 Med.
777 1182 888 1223 662:
931 1175 1072 1221 ἀσκοῦ
1102 1179 1149 1221 δε
1182 1178 1260 1222 τὸν
1289 1175 1539 1234 προῦχοντα

49 1254 110 1312 μή
145 1255 276 1297 λῦσαι
307 1251 454 1306 πόδα,
494 1254 566 1296 ubi
596 1252 729 1293 schol.
759 1248 962 1292 ποδεῶνα
1002 1250 1049 1291 δὲ
1078 1245 1277 1292 εἰώθασι
1313 1250 1453 1304 λέγειν
1486 1245 1537 1290 τὸ

48 1325 131 1369 τοῦ
158 1322 320 1382 ἀνδρὸς
349 1323 534 1367 αἰδοῖον.
594 1323 678 1365 Pro
709 1316 829 1362 πόδα
859 1325 957 1378 epit.
989 1323 1179 1367 Hoesch.
1215 1318 1374 1371 πόδας.

753 1437 830 1479 111.

160 1530 309 1573 Pollux
340 1528 397 1570 1V
429 1528 533 1570 121:
571 1522 1001 1583 πρωτόβαθρον
1037 1526 1179 1583 φησὶν
1214 1519 1482 1580 Ἐπικράτης
1512 1519 1538 1564 ὁ

51 1593 537 1658 κωμῳδιοδιδάσκαλος.
606 1599 708 1642 Cod.
753 1599 896 1641 Falck.
939 1594 1226 1655 Φερεκράτης.
1295 1599 1347 1657 V.
1376 1597 1535 1638 Phere-

51 1673 176 1715 cratis
205 1672 355 1727 fragm.
386 1684 427 1724 p.
459 1670 556 1712 356.
