1702 3158
240 165 296 205 24
789 161 1127 206 ANTIPHAMS

706 291 1234 335 ΑΣΩΤΟΙ.

355 417 625 458 Antiatticista
654 430 693 469 p.
723 417 777 456 86
808 416 878 456 14:
919 414 966 455 Γ
957 414 1055 468 αμῶ
1082 411 1108 465 ἡ
1138 410 1243 467 γυνή
1273 408 1486 466 λέγει,,οῦ
1514 411 1658 466 γαμοῦ

243 497 338 539 μαι.
393 481 662 540 Ἀντιφάνης
687 480 914 531 Ἀσώτοις.
943 480 1223 537 ἐγημάμην
1252 478 1275 522 ὁ
1305 478 1414 536 ἀνὴρ
1443 481 1551 534 λέγει
1581 479 1685 526 ἀντὶ,

245 543 325 594 τοῦ
353 550 505 607 ἔγημα.
559 556 722 596 Scilicet
753 556 804 594 de
832 556 1128 607 intemperante
1158 555 1319 593 dotatae
1348 555 1483 593 uxoris
1512 554 1683 607 imperio

247 626 571 676 conquerebatur
606 625 749 664 infelix
783 624 854 663 ille
891 624 1070 663 maritus.
1134 623 1243 663 Hinc
1282 624 1406 675 igitur
1445 629 1558 663 recte
1586 636 1685 664 usus

246 697 310 733 est
349 694 600 745 Antiphanes
638 693 771 732 medio
809 687 1058 744 γήμασθαι.
1133 694 1227 733 Pari
1271 695 1455 733 acumine
1495 694 1693 746 Clemens

244 763 360 803 Alex.
390 762 513 802 Paed.
544 762 602 801 111
632 775 672 814 p.
702 764 783 801 226
813 763 844 801 Β
880 762 974 810 (ed.
1006 761 1124 812 col.)
1165 763 1370 814 coniungit
1408 757 1702 815 γαμουμέναςὲ

214 830 320 869 -καὶ
351 825 576 883 γαμοὺσας
604 831 822 881 γυναῖκας.
897 831 1051 870 Similia
1095 831 1188 870 vide
1229 832 1334 883 apud
1375 833 1682 874 Valckenarium

245 900 297 943 ad
326 901 581 944 Ammonium
612 914 652 955 p.
682 901 736 942 59
767 902 833 942 cll.
864 899 1046 940 Porsono
1077 901 1128 941 ad
1156 901 1363 954 Euripidis
1394 902 1507 943 Med.
1536 903 1631 946 264.

1676 961 1702 987 513

592 1082 1344 1137 AYAIiTH2.·)

470 1191 632 1246 Ποίαν,
662 1188 835 1249 φράσον
861 1189 954 1249 γάρ,
984 1183 1060 1253 ᾖδε
1089 1192 1168 1245 τὴν
1197 1193 1438 1236 συναυλίαν

472 1273 656 1330 ταύτηνς
684 1273 915 1319 ἐπίσταται
941 1273 1036 1333 γάρ,
1065 1274 1165 1318 ἀλλ’
1194 1275 1354 1330 ηὔλουν
1382 1277 1446 1322 ἔτι

471 1357 709 1414 μαθόντες,
733 1354 842 1402 ὥστε
871 1359 971 1410 τοὺς
1000 1358 1159 1410 αὐλοὺς
1187 1359 1242 1404 σύ
1270 1377 1316 1404 τε

473 1441 585 1496 αὑτὴ
615 1443 761 1495 τελετῆ
788 1443 1079 1501 ψεθείθαμεν
1107 1442 1408 1501 συντυγχάνεις
1680 1445 1699 1490 ⁴⁹}

419 1530 446 1571 5
475 1525 621 1570 αὐλῶν
649 1528 833 1584 πέραινε.
891 1527 1057 1580 δέξεται
1084 1527 1130 1569 δὲ
1159 1525 1296 1570 τᾶλλα
1325 1544 1409 1574 σοι.

470 1609 556 1663 ἡδύ
583 1626 625 1652 τι
651 1609 798 1653 κοινόν
825 1611 954 1664 ἐστιν,
985 1603 1039 1653 οὗ
1058 1613 1189 1667 χωρὶς
1218 1609 1350 1655 πάλιν

473 1692 735 1750 συννεύματ’
771 1691 824 1736 οὐ
853 1691 1147 1749 προβλήμαθ’
1180 1687 1245 1744 οἷς
1271 1694 1531 1751 σημαίνεται

476 1777 650 1820 ἕκαστα.

366 1880 600 1922 Athenaeus
629 1880 727 1921 xlv
756 1893 795 1932 p.
827 1879 971 1919 618b:
1008 1872 1187 1926 ἀστείως
1224 1877 1270 1919 δὲ
1306 1874 1446 1928 αὐτὴν
1481 1875 1696 1953 Ἀντιφά-

254 1960 331 2000 της
360 1946 554 2005 φανερὰν
583 1949 702 1988 ποιεῖ
725 1946 775 1987 ἐν
793 1945 852 2003 τῷ
870 1944 1046 2004 Αὐλητῇ
1074 1946 1207 1998 λέγων
1221 1945 1380 1997 ΙῙοίαν,
1413 1945 1584 2002 φράσον
1613 1924 1695 2026 γάῥ

256 2018 342 2060 κτλ.
374 2022 436 2060 De
466 2016 681 2059 συναυλία
711 2019 819 2067 dicit,
850 2030 968 2070 quam
997 2018 1052 2058 ita
1081 2019 1222 2059 definit
1252 2021 1397 2060 Semus
1427 2019 1532 2073 apud
1549 2006 1699 2067 Athen

258 2078 428 2138 1.1.ἦν
455 2103 520 2136 τις
549 2086 665 2140 ἀγών
695 2085 952 2142 συμφωνίας
980 2082 1211 2139 αμοιβαῖος
1240 2084 1377 2128 αὐλοῦ
1403 2088 1476 2128 καὶ
1506 2086 1702 2146 ρυθμοῦ,

254 2158 386 2212 χωρὶς
420 2154 551 2210 λόφου
589 2155 668 2196 τοῦ
710 2154 1128 2212 προσμελῳδοῦντος.
1202 2159 1264 2198 Ea
1310 2159 1368 2199 sic
1411 2160 1702 2211 interpretatur

258 2228 416 2268 Petitus
446 2227 661 2269 Misc.V11
693 2228 765 2267 12:
796 2227 994 2278 „Quando
1026 2227 1192 2267 alternis
1222 2228 1370 2269 tibicen
1401 2233 1442 2268 et
1472 2231 1611 2269 cantor
1636 2241 1702 2269 ca-

260 2298 411 2338 nebant
440 2302 481 2337 et
510 2302 750 2337 concentum
781 2296 1026 2345 efficiebant,
1056 2297 1113 2335 ita
1142 2300 1275 2336 tamen
1306 2301 1350 2337 ut
1379 2298 1488 2337 solos
1517 2298 1702 2341 carminis

262 2367 477 2419 rhythmos
507 2373 548 2406 et
578 2380 715 2416 sonos,
746 2367 795 2405 ad
826 2379 927 2418 quos
944 2367 1086 2407 modos
1115 2378 1212 2406 suos
1241 2366 1416 2406 faciebat
1445 2367 1608 2415 tibicen,
1637 2379 1702 2406 ac-

262 2436 418 2476 clneret
447 2441 487 2476 et
517 2437 684 2476 saltaret
713 2440 872 2484 cantor,
912 2449 992 2475 non
1023 2441 1158 2475 antem
1188 2436 1276 2488 ipsa
1304 2437 1439 2478 verba.
1506 2435 1593 2475 Nisi
1631 2434 1702 2486 ‹le-1v

263 2506 473 2558 scripserit
501 2506 646 2545 Semus
692 2510 847 2545 certum
886 2505 1049 2556 aliquod
1080 2500 1315 2552 συναυλίας
1342 2518 1473 2557 genus
1511 2505 1552 2544 in
1581 2503 1701 2543 sacris

266 2574 395 2617 Deliis
439 2575 704 2617 adhibitum.'’
776 2575 868 2616 Non
909 2574 1012 2615 haec
1060 2574 1294 2615 sufficiunt:
1347 2585 1585 2629 quamquam
1630 2584 1701 2613 nec

354 2714 386 2757 ⁹)
412 2713 448 2747 V.
473 2712 559 2750 Hist-
585 2712 657 2746 crit.
685 2724 716 2759 p.
743 2714 822 2749 333.
