1702 3158
1651 0 1695 158 ἶ

223 269 331 328 μών.
403 275 608 326 Aristoph.
653 274 829 314 Acharn.
868 273 975 311 3⁰1:
1032 266 1083 310 ὃν
1137 268 1362 323 κατατεμῶ
1403 268 1674 325 καττύματα.

225 345 299 386 Cfr
326 344 572 384 Schaeferus
602 343 652 382 ad
682 343 790 381 Plut.
820 342 901 383 Vit.
931 342 1010 381 vol.
1043 342 1099 382 1V
1130 354 1169 393 p.
1199 342 1294 380 293.
1343 367 1396 374 —-
1442 344 1509 383 Vs.
1541 345 1566 383 6
1595 340 1670 393 τὴ-

224 424 358 465 γανον
388 415 469 454 VL.
528 407 715 461 τάγηνον
746 411 847 450 BCP
881 415 922 449 et
951 411 1058 451 MSS
1090 411 1363 450 Casaubonus.
1421 408 1537 460 σίζον
1567 415 1670 455 ABG

226 488 267 524 et
304 483 411 523 MSS
452 481 728 521 casaubonus.
787 475 915 528 σὶζων
955 481 1073 521 PVL.
1141 481 1294 520 Ibidem
1332 481 1422 519 libri
1461 478 1672 533 ἐπεισιών,

226 552 334 604 quod
365 564 416 590 ne
448 552 629 589 vitiosam
660 563 869 590 caesuram
899 561 1234 598 commemorem,
1270 552 1540 601 grammaticis
1570 553 1672 605 legi-

225 621 301 661 bus
339 620 403 660 vix
442 620 538 659 satis
576 620 923 659 accommodatum
961 623 1035 658 est.
1111 620 1313 670 Expectes
1361 620 1467 659 enim
1507 618 1576 658 ἐπὶ
1615 618 1674 675 τῷ

223 683 409 744 ταγὴνῳ.
467 690 522 728 Et
551 701 622 727 cur
653 702 697 728 se
725 691 1004 728 introeuntem
1034 687 1182 728 afferre
1212 688 1324 728 cibos
1354 688 1482 729 dicit?
1531 690 1671 743 Itaque

224 755 424 798 ἐπισείων
453 759 625 798 correxi.

223 165 308 205 472
821 161 1078 202 ALuxmls

506 923 756 983 Τριωβόλου
783 925 980 982 κρείσκον
1008 924 1181 969 ἀστεῖον
1209 921 1325 966 πάνυ

502 1004 640 1051 ὕειον·
671 1007 807 1052 ὀπτὸν
834 1007 1007 1065 θερμὸν
1035 1006 1212 1064 εὔχυλον
1238 1009 1357 1064 τέρεν

497 1086 606 1134 ὅταν
634 1083 675 1151 ᾗ,
705 1093 975 1150 προσφέρων.

333 1207 568 1249 Athenaeus
597 1207 695 1249 XIV
735 1220 776 1259 p.
807 1206 890 1247 655
905 1206 946 1247 f:
983 1201 1128 1245 ὀπτῶν
1165 1198 1391 1257 δελφάκων
1430 1201 1476 1244 δὲ
1509 1216 1676 1259 μνημο..

226 1270 338 1316 νεύει
365 1272 627 1330 Ἐπικράτης
655 1303 710 1309 -
730 1271 907 1326 ”Αλεξις
936 1271 986 1315 δ’
1015 1273 1060 1314 ἐν
1089 1269 1275 1329 Πονήρᾳ
1309 1270 1560 1328 Τριωβόλου
1586 1275 1676 1318 κτλ.

226 1347 298 1390 Vs.
317 1348 338 1386 1
370 1343 611 1400 τριωβόλου
638 1343 836 1398 κρεΐσκον
865 1348 912 1394 Β,
942 1350 986 1386 ut
1015 1346 1248 1386 coniecerat
1278 1346 1485 1385 Personus
1513 1346 1563 1386 ad
1593 1346 1678 1387 Xe-

227 1415 447 1466 nophontis
478 1418 606 1457 Anah.
637 1429 677 1468 p.
700 1416 810 1456 L111.
860 1416 994 1468 Vulgo
1019 1412 1445 1469 τριωβολοκρείσκον.
1483 1441 1538 1448 --
1566 1417 1677 1458 Vmss

226 1480 322 1530 καί,
361 1486 471 1536 quod
509 1489 603 1525 ante
641 1481 814 1538 θερμὸν
851 1485 893 1524 in
933 1485 1047 1524 libris
1087 1488 1170 1533 est,
1208 1484 1359 1524 delevit
1398 1485 1675 1526 easaubonus.

227 1553 382 1594 Ibidem
410 1550 586 1607 εὔχυλον
622 1551 740 1606 τέρεν
769 1554 942 1594 Porsoni
979 1557 1042 1594 est
1080 1553 1309 1593 emendatio
1349 1566 1423 1605 pro
1461 1549 1678 1605 εὐχυλότε-

226 1634 317 1674 ρον.
348 1620 693 1678 Βεύχυλώτερον.
722 1649 774 1656 -
804 1624 917 1665 vs.3
946 1635 988 1661 τι
1011 1627 1104 1675 post
1123 1611 1150 1678 ᾗ
1169 1623 1281 1662 addit
1298 1623 1515 1663 Porsonus.
1545 1613 1702 1676 προσ-ι

229 1690 374 1744 φέρων
407 1695 493 1734 PV.
554 1691 801 1746 προσᾳέρον
829 1692 876 1732 L.
935 1687 1150 1746 πρόσφερ’
1185 1693 1402 1732 Porsonus.
1461 1695 1514 1732 At
1551 1694 1601 1732 de
1632 1707 1677 1734 se

227 1761 316 1813 ipso
354 1763 467 1815 loqui
512 1764 718 1803 hominem
757 1762 877 1801 docet
913 1762 1075 1814 Fragm.
1119 1763 1136 1801 1
1171 1765 1213 1802 et
1250 1761 1323 1800 111.
1415 1762 1677 1814 Participium

227 1832 380 1883 pendet
410 1846 432 1872 a
461 1834 585 1872 verbo
617 1832 725 1885 quod
755 1832 890 1871 omisit
919 1832 1175 1880 Athenaeum
1206 1831 1283 1871 nisi
1312 1830 1418 1871 forte
1448 1831 1677 1886 προσφέρω

230 1900 506 1942 scribendum.

932 1956 980 1998 V.

444 2033 751 2092 Ἐναλείτρεται
781 2033 860 2084 τὰς
890 2037 1024 2095 ῥῖνας,
1054 2032 1214 2089 ὑγιείας
1242 2035 1369 2091 μέρος

446 2120 665 2174 μέγιστον,
696 2116 838 2174 ὀσμὰς
866 2117 1085 2176 ἐγκεφάλῳ
1109 2116 1300 2174 χρηστὰς
1327 2116 1477 2161 ποιῶν.

338 2223 575 2263 Athenaeus
605 2221 645 2262 11
674 2235 715 2274 p.
745 2222 799 2261 46
814 2235 850 2262 a.
889 2222 1095 2262 disserens
1127 2221 1179 2261 de
1207 2233 1283 2261 usu
1313 2224 1434 2272 caput
1462 2221 1677 2273 unguentis

228 2290 487 2332 delibuendi:
527 2286 579 2330 οὐ
619 2287 757 2338 κακῶς
788 2280 869 2330 οὗν
889 2286 1065 2340 ”Λλεξίς
1096 2300 1233 2343 φησιν
1257 2284 1562 2342 Ἐναλείφεται
1587 2288 1676 2331 κτλ.

226 2362 341 2402 Idem
371 2363 605 2403 Athenaeus
633 2361 710 2402 XV
741 2375 780 2413 p.
812 2362 894 2402 687
913 2361 961 2400 d:
1005 2356 1082 2399 οὐκ
1121 2349 1245 2406 οἶδας
1273 2350 1340 2397 ὅτι
1369 2356 1418 2396 αἱ
1445 2356 1492 2397 ἐν
1519 2356 1578 2414 τῷ
1606 2357 1677 2410 ἐγ-

225 2426 396 2486 κεφάλῳ
456 2427 575 2481 ἡμῶν
630 2424 864 2479 αἰσθήσεις
920 2425 1077 2482 ὀδμαῖς
1121 2425 1287 2477 ἡδείαις
1329 2426 1677 2481 παρηγοροῦνται

226 2499 404 2552 προσέτι
433 2513 476 2538 τε
506 2495 856 2552 θεραπεύονται,
887 2497 1013 2538 καθὰ
1042 2498 1116 2538 καὶ
1137 2493 1314 2547 ”Λλεξίς
1343 2508 1479 2550 φησιν
1507 2495 1552 2535 ἐν
1580 2495 1676 2536 Πο-

225 2564 338 2623 νήρᾳ
366 2561 502 2616 οὕτως
527 2564 709 2619 ’Υγιείας
739 2568 866 2623 μέρος
893 2567 982 2609 κτλ.
1014 2569 1076 2609 Ad
1105 2563 1267 2620 ὑγιείας
1297 2564 1424 2620 μέρος
1451 2566 1560 2607 conf.
1578 2567 1677 2607 Phi-

226 2637 384 2689 lyllium
415 2638 562 2679 Incert.
594 2640 625 2688 1,
655 2641 703 2680 2:
741 2633 846 2694 ὅπερ
883 2633 1088 2692 μέγιστόν
1115 2635 1232 2677 ἐστιν
1260 2631 1421 2688 ὑγιείας
1449 2634 1589 2692 μέρος.
1622 2660 1676 2669 --

231 2707 301 2749 Vs.
332 2708 360 2747 2
389 2707 507 2749 ποιεῖ
529 2709 634 2748 libro
664 2709 754 2751 XV.
