<?xml version="1.0" encoding="UTF-8"?>
<!DOCTYPE html PUBLIC "-//W3C//DTD XHTML 1.0 Transitional//EN"
    "http://www.w3.org/TR/xhtml1/DTD/xhtml1-transitional.dtd">
<html xmlns="http://www.w3.org/1999/xhtml" xml:lang="en" lang="en">
 <head>
  <title>
</title>
<meta http-equiv="Content-Type" content="text/html;charset=utf-8" />
  <meta name='ocr-system' content='tesseract 3.04.00' />
  <meta name='ocr-capabilities' content='ocr_page ocr_carea ocr_par ocr_line ocrx_word'/>
</head>
<body>
  <div class='ocr_page' id='page_1' title='image "./fragmentacomicor03meinuoft_0722.png"; bbox 0 0 1656 3146; ppageno 0'>
   <div class='ocr_carea' id='block_1_1' title="bbox 256 145 1124 196">
    <p class='ocr_par' dir='ltr' id='par_1_1' title="bbox 256 145 1124 196">
     <span class='ocr_line' id='line_1_1' title="bbox 256 145 1124 196; baseline -0.003 -1"><span class='ocrx_word' id='word_1_1' title='bbox 256 145 341 196; x_wconf 71' lang='lat'>³114</span> <span class='ocrx_word' id='word_1_2' title='bbox 826 146 1124 192; x_wconf 59' lang='lat' dir='ltr'>Timacum.</span> 
     </span>
    </p>
   </div>
   <div class='ocr_carea' id='block_1_2' title="bbox 258 262 1420 527">
    <p class='ocr_par' dir='ltr' id='par_1_2' title="bbox 258 262 1135 315">
     <span class='ocr_line' id='line_1_2' title="bbox 258 262 1135 315; baseline -0.008 -7"><span class='ocrx_word' id='word_1_3' title='bbox 258 266 433 308; x_wconf 80' lang='lat' dir='ltr'>aereolis</span> <span class='ocrx_word' id='word_1_4' title='bbox 462 278 542 306; x_wconf 88' lang='lat' dir='ltr'>non</span> <span class='ocrx_word' id='word_1_5' title='bbox 571 264 755 312; x_wconf 78' lang='lat' dir='ltr'>haberet,</span> <span class='ocrx_word' id='word_1_6' title='bbox 783 262 982 315; x_wconf 81' lang='lat' dir='ltr'>anguillas</span> <span class='ocrx_word' id='word_1_7' title='bbox 1011 262 1135 312; x_wconf 86' lang='lat' dir='ltr'>videt,</span> 
     </span>
    </p>

    <p class='ocr_par' dir='ltr' id='par_1_3' title="bbox 259 332 1163 388">
     <span class='ocr_line' id='line_1_3' title="bbox 259 332 1163 388; baseline -0.003 -13"><span class='ocrx_word' id='word_1_8' title='bbox 259 334 508 388; x_wconf 74' lang='lat' dir='ltr'>torpedines,</span> <span class='ocrx_word' id='word_1_9' title='bbox 537 334 727 382; x_wconf 77' lang='lat' dir='ltr'>locustas,</span> <span class='ocrx_word' id='word_1_10' title='bbox 757 332 944 384; x_wconf 77' lang='lat' dir='ltr'><strong>thynnos,</strong></span> <span class='ocrx_word' id='word_1_11' title='bbox 976 332 1163 372; x_wconf 89' lang='lat' dir='ltr'>dentiens</span> 
     </span>
    </p>

    <p class='ocr_par' dir='ltr' id='par_1_4' title="bbox 259 402 1294 455">
     <span class='ocr_line' id='line_1_4' title="bbox 259 402 1294 455; baseline -0.006 -9"><span class='ocrx_word' id='word_1_12' title='bbox 259 409 302 447; x_wconf 84' lang='lat' dir='ltr'>et</span> <span class='ocrx_word' id='word_1_13' title='bbox 329 405 648 445; x_wconf 77' lang='lat' dir='ltr'><strong>circumcursans</strong></span> <span class='ocrx_word' id='word_1_14' title='bbox 678 403 815 455; x_wconf 86' lang='lat' dir='ltr'>quanti</span> <span class='ocrx_word' id='word_1_15' title='bbox 846 413 1030 453; x_wconf 84' lang='lat' dir='ltr'>quaeque</span> <span class='ocrx_word' id='word_1_16' title='bbox 1059 402 1294 454; x_wconf 82' lang='lat' dir='ltr'>interrogat,</span> 
     </span>
    </p>

    <p class='ocr_par' dir='ltr' id='par_1_5' title="bbox 260 471 1420 527">
     <span class='ocr_line' id='line_1_5' title="bbox 260 471 1420 527; baseline -0.004 -11"><span class='ocrx_word' id='word_1_17' title='bbox 260 473 333 516; x_wconf 81' lang='lat' dir='ltr'>sed</span> <span class='ocrx_word' id='word_1_18' title='bbox 363 474 495 527; x_wconf 87' lang='lat' dir='ltr'>pretio</span> <span class='ocrx_word' id='word_1_19' title='bbox 525 473 718 513; x_wconf 87' lang='lat' dir='ltr'>attonitus</span> <span class='ocrx_word' id='word_1_20' title='bbox 749 472 911 512; x_wconf 79' lang='lat' dir='ltr'>tandem</span> <span class='ocrx_word' id='word_1_21' title='bbox 939 471 1046 524; x_wconf 84' lang='lat' dir='ltr'>fugit</span> <span class='ocrx_word' id='word_1_22' title='bbox 1075 471 1125 511; x_wconf 83' lang='lat' dir='ltr'>ad</span> <span class='ocrx_word' id='word_1_23' title='bbox 1155 471 1420 511; x_wconf 83' lang='lat' dir='ltr'>membradas.</span> 
     </span>
    </p>
   </div>
   <div class='ocr_carea' id='block_1_3' title="bbox 851 578 1088 586">
    <p class='ocr_par' dir='ltr' id='par_1_6' title="bbox 851 578 1088 586">
     <span class='ocr_line' id='line_1_6' title="bbox 851 578 1088 586; baseline 0 2560"><span class='ocrx_word' id='word_1_24' title='bbox 851 578 1088 586; x_wconf 95' lang='lat' dir='ltr'> </span> 
     </span>
    </p>
   </div>
   <div class='ocr_carea' id='block_1_4' title="bbox 255 655 1212 942">
    <p class='ocr_par' dir='ltr' id='par_1_7' title="bbox 255 655 1212 942">
     <span class='ocr_line' id='line_1_7' title="bbox 757 655 1209 704; baseline 0.007 -6"><span class='ocrx_word' id='word_1_25' title='bbox 757 659 812 699; x_wconf 87' lang='lat' dir='ltr'><em>H</em></span> <span class='ocrx_word' id='word_1_26' title='bbox 869 658 911 698; x_wconf 90' lang='lat' dir='ltr'><strong><em>P</em></strong></span> <span class='ocrx_word' id='word_1_27' title='bbox 962 655 1005 699; x_wconf 87' lang='grc' dir='ltr'><em>Ω</em></span> <span class='ocrx_word' id='word_1_28' title='bbox 1068 660 1106 699; x_wconf 87' lang='grc' dir='ltr'><em>Ε</em></span> <span class='ocrx_word' id='word_1_29' title='bbox 1156 661 1209 704; x_wconf 88' lang='grc' dir='ltr'>Σ.</span> 
     </span>
     <span class='ocr_line' id='line_1_8' title="bbox 824 743 1172 785; baseline 0.003 -1"><span class='ocrx_word' id='word_1_30' title='bbox 824 743 990 784; x_wconf 86' lang='lat' dir='ltr'>Sublata</span> <span class='ocrx_word' id='word_1_31' title='bbox 1021 750 1064 784; x_wconf 89' lang='lat' dir='ltr'>ut</span> <span class='ocrx_word' id='word_1_32' title='bbox 1093 744 1172 785; x_wconf 79' lang='lat' dir='ltr'>fuit</span> 
     </span>
     <span class='ocr_line' id='line_1_9' title="bbox 256 813 1027 866; baseline -0.009 -7"><span class='ocrx_word' id='word_1_33' title='bbox 256 818 363 859; x_wconf 81' lang='lat' dir='ltr'>vitae</span> <span class='ocrx_word' id='word_1_34' title='bbox 392 815 613 865; x_wconf 74' lang='lat' dir='ltr'>educatrix,</span> <span class='ocrx_word' id='word_1_35' title='bbox 641 814 770 855; x_wconf 85' lang='lat' dir='ltr'>hostis</span> <span class='ocrx_word' id='word_1_36' title='bbox 799 813 1027 866; x_wconf 75' lang='lat' dir='ltr'>esui-iginis‚</span> 
     </span>
     <span class='ocr_line' id='line_1_10' title="bbox 255 882 1212 942; baseline -0.006 -13"><span class='ocrx_word' id='word_1_37' title='bbox 255 899 423 942; x_wconf 82' lang='lat' dir='ltr'>praeses</span> <span class='ocrx_word' id='word_1_38' title='bbox 451 885 662 933; x_wconf 84' lang='lat' dir='ltr'>amicitiae,</span> <span class='ocrx_word' id='word_1_39' title='bbox 692 883 854 923; x_wconf 87' lang='lat' dir='ltr'>medica·</span> <span class='ocrx_word' id='word_1_40' title='bbox 877 883 1065 923; x_wconf 84' lang='lat' dir='ltr'>defectae</span> <span class='ocrx_word' id='word_1_41' title='bbox 1093 882 1212 923; x_wconf 86' lang='lat' dir='ltr'>famis</span> 
     </span>
    </p>
   </div>
   <div class='ocr_carea' id='block_1_5' title="bbox 257 952 1528 1068">
    <p class='ocr_par' dir='ltr' id='par_1_8' title="bbox 257 952 1528 1068">
     <span class='ocr_line' id='line_1_11' title="bbox 257 952 1528 1004; baseline -0.005 -6"><span class='ocrx_word' id='word_1_42' title='bbox 257 969 410 998; x_wconf 88' lang='lat' dir='ltr'>mensa.</span> <span class='ocrx_word' id='word_1_43' title='bbox 468 956 515 995; x_wconf 90' lang='lat' dir='ltr'>B.</span> <span class='ocrx_word' id='word_1_44' title='bbox 546 956 602 996; x_wconf 89' lang='lat' dir='ltr'>Ut</span> <span class='ocrx_word' id='word_1_45' title='bbox 630 954 704 994; x_wconf 85' lang='lat' dir='ltr'>tibi</span> <span class='ocrx_word' id='word_1_46' title='bbox 733 957 889 993; x_wconf 74' lang='lat' dir='ltr'>sumtus</span> <span class='ocrx_word' id='word_1_47' title='bbox 917 952 986 992; x_wconf 81' lang='lat' dir='ltr'>hic</span> <span class='ocrx_word' id='word_1_48' title='bbox 1015 964 1265 1004; x_wconf 82' lang='lat' dir='ltr'>supervacuo</span> <span class='ocrx_word' id='word_1_49' title='bbox 1295 956 1356 994; x_wconf 78' lang='lat' dir='ltr'>est</span> <span class='ocrx_word' id='word_1_50' title='bbox 1385 954 1528 994; x_wconf 70' lang='lat' dir='ltr'>labor?</span> 
     </span>
     <span class='ocr_line' id='line_1_12' title="bbox 257 1022 1145 1068; baseline -0.007 0"><span class='ocrx_word' id='word_1_51' title='bbox 257 1039 348 1068; x_wconf 88' lang='lat' dir='ltr'>nam</span> <span class='ocrx_word' id='word_1_52' title='bbox 377 1037 557 1066; x_wconf 85' lang='lat' dir='ltr'>mensam</span> <span class='ocrx_word' id='word_1_53' title='bbox 586 1023 699 1063; x_wconf 89' lang='lat' dir='ltr'>licuit</span> <span class='ocrx_word' id='word_1_54' title='bbox 727 1033 808 1063; x_wconf 91' lang='lat' dir='ltr'>uno</span> <span class='ocrx_word' id='word_1_55' title='bbox 839 1022 963 1062; x_wconf 77' lang='lat' dir='ltr'>verbo</span> <span class='ocrx_word' id='word_1_56' title='bbox 994 1022 1145 1062; x_wconf 80' lang='lat' dir='ltr'>dicere.</span> 
     </span>
    </p>
   </div>
   <div class='ocr_carea' id='block_1_6' title="bbox 849 1112 1108 1123">
    <p class='ocr_par' dir='ltr' id='par_1_9' title="bbox 849 1112 1108 1123">
     <span class='ocr_line' id='line_1_13' title="bbox 849 1112 1108 1123; baseline 0 2023"><span class='ocrx_word' id='word_1_57' title='bbox 849 1112 1108 1123; x_wconf 95' lang='lat' dir='ltr'> </span> 
     </span>
    </p>
   </div>
   <div class='ocr_carea' id='block_1_7' title="bbox 667 1192 1270 1242">
    <p class='ocr_par' dir='ltr' id='par_1_10' title="bbox 667 1192 1270 1242">
     <span class='ocr_line' id='line_1_14' title="bbox 667 1192 1270 1242; baseline 0.007 -6"><span class='ocrx_word' id='word_1_58' title='bbox 667 1192 1270 1242; x_wconf 85' lang='grc' dir='ltr'><em>ΚΟΝΙΣΑΛΟΣ.</em></span> 
     </span>
    </p>
   </div>
   <div class='ocr_carea' id='block_1_8' title="bbox 257 1281 1345 1409">
    <p class='ocr_par' dir='ltr' id='par_1_11' title="bbox 257 1281 1345 1409">
     <span class='ocr_line' id='line_1_15' title="bbox 632 1281 1345 1335; baseline 0.003 -12"><span class='ocrx_word' id='word_1_59' title='bbox 632 1281 783 1324; x_wconf 87' lang='lat' dir='ltr'>Potans</span> <span class='ocrx_word' id='word_1_60' title='bbox 812 1295 885 1335; x_wconf 86' lang='lat' dir='ltr'>par</span> <span class='ocrx_word' id='word_1_61' title='bbox 912 1282 1001 1335; x_wconf 82' lang='lat' dir='ltr'>pari</span> <span class='ocrx_word' id='word_1_62' title='bbox 1030 1282 1184 1335; x_wconf 81' lang='lat' dir='ltr'>urgebo</span> <span class='ocrx_word' id='word_1_63' title='bbox 1214 1283 1345 1325; x_wconf 90' lang='lat' dir='ltr'>virum</span> 
     </span>
     <span class='ocr_line' id='line_1_16' title="bbox 257 1352 1220 1409; baseline -0.004 -11"><span class='ocrx_word' id='word_1_64' title='bbox 257 1354 413 1409; x_wconf 74' lang='lat' dir='ltr'>magnis</span> <span class='ocrx_word' id='word_1_65' title='bbox 439 1352 601 1395; x_wconf 84' lang='lat' dir='ltr'>culullis</span> <span class='ocrx_word' id='word_1_66' title='bbox 629 1365 769 1393; x_wconf 86' lang='lat' dir='ltr'>verum</span> <span class='ocrx_word' id='word_1_67' title='bbox 799 1356 845 1393; x_wconf 90' lang='lat' dir='ltr'>ut</span> <span class='ocrx_word' id='word_1_68' title='bbox 875 1364 995 1392; x_wconf 89' lang='lat' dir='ltr'>omne</span> <span class='ocrx_word' id='word_1_69' title='bbox 1025 1353 1220 1395; x_wconf 85' lang='lat' dir='ltr'>enuntiet.</span> 
     </span>
    </p>
   </div>
   <div class='ocr_carea' id='block_1_9' title="bbox 849 1453 1110 1464">
    <p class='ocr_par' dir='ltr' id='par_1_12' title="bbox 849 1453 1110 1464">
     <span class='ocr_line' id='line_1_17' title="bbox 849 1453 1110 1464; baseline 0 0"><span class='ocrx_word' id='word_1_70' title='bbox 849 1453 1110 1464; x_wconf 95' lang='lat' dir='ltr'> </span> 
     </span>
    </p>
   </div>
   <div class='ocr_carea' id='block_1_10' title="bbox 711 1534 1249 1580">
    <p class='ocr_par' dir='ltr' id='par_1_13' title="bbox 711 1534 1249 1580">
     <span class='ocr_line' id='line_1_18' title="bbox 711 1534 1249 1580; baseline 0.004 -2"><span class='ocrx_word' id='word_1_71' title='bbox 711 1534 1249 1580; x_wconf 88' lang='grc' dir='ltr'><em>ΠΟΝΤΙΚΟΣ.</em></span> 
     </span>
    </p>
   </div>
   <div class='ocr_carea' id='block_1_11' title="bbox 256 1620 1233 1749">
    <p class='ocr_par' dir='ltr' id='par_1_14' title="bbox 256 1620 1233 1749">
     <span class='ocr_line' id='line_1_19' title="bbox 258 1620 1233 1677; baseline -0.005 -8"><span class='ocrx_word' id='word_1_72' title='bbox 258 1627 362 1670; x_wconf 85' lang='lat' dir='ltr'>Nam</span> <span class='ocrx_word' id='word_1_73' title='bbox 387 1624 535 1666; x_wconf 85' lang='lat' dir='ltr'>multos</span> <span class='ocrx_word' id='word_1_74' title='bbox 564 1635 687 1676; x_wconf 87' lang='lat' dir='ltr'>saepe</span> <span class='ocrx_word' id='word_1_75' title='bbox 715 1623 793 1663; x_wconf 90' lang='lat' dir='ltr'>iam</span> <span class='ocrx_word' id='word_1_76' title='bbox 823 1628 1041 1676; x_wconf 74' lang='lat' dir='ltr'>paupertas</span> <span class='ocrx_word' id='word_1_77' title='bbox 1070 1620 1233 1677; x_wconf 82' lang='lat' dir='ltr'>impulit</span> 
     </span>
     <span class='ocr_line' id='line_1_20' title="bbox 256 1693 1189 1749; baseline -0.001 -10"><span class='ocrx_word' id='word_1_78' title='bbox 256 1695 422 1749; x_wconf 81' lang='lat' dir='ltr'>indigna</span> <span class='ocrx_word' id='word_1_79' title='bbox 450 1698 493 1735; x_wconf 86' lang='lat' dir='ltr'>et</span> <span class='ocrx_word' id='word_1_80' title='bbox 520 1699 683 1747; x_wconf 84' lang='lat' dir='ltr'>praeter</span> <span class='ocrx_word' id='word_1_81' title='bbox 711 1693 891 1735; x_wconf 83' lang='lat' dir='ltr'>indolem</span> <span class='ocrx_word' id='word_1_82' title='bbox 921 1694 1189 1738; x_wconf 77' lang='lat' dir='ltr'>committere.</span> 
     </span>
    </p>
   </div>
   <div class='ocr_carea' id='block_1_12' title="bbox 852 1788 1113 1797">
    <p class='ocr_par' dir='ltr' id='par_1_15' title="bbox 852 1788 1113 1797">
     <span class='ocr_line' id='line_1_21' title="bbox 852 1788 1113 1797; baseline 0 1349"><span class='ocrx_word' id='word_1_83' title='bbox 852 1788 1113 1797; x_wconf 95' lang='lat' dir='ltr'> </span> 
     </span>
    </p>
   </div>
   <div class='ocr_carea' id='block_1_13' title="bbox 682 1869 1260 1914">
    <p class='ocr_par' dir='ltr' id='par_1_16' title="bbox 682 1869 1260 1914">
     <span class='ocr_line' id='line_1_22' title="bbox 682 1869 1260 1914; baseline 0.009 -5"><span class='ocrx_word' id='word_1_84' title='bbox 682 1869 1260 1914; x_wconf 83' lang='grc' dir='ltr'><em>ΣΥΝΕΡΙΘΟΙ.</em></span> 
     </span>
    </p>
   </div>
   <div class='ocr_carea' id='block_1_14' title="bbox 257 1955 1119 2078">
    <p class='ocr_par' dir='ltr' id='par_1_17' title="bbox 257 1955 1119 2078">
     <span class='ocr_line' id='line_1_23' title="bbox 257 1955 1119 2010; baseline -0.003 -11"><span class='ocrx_word' id='word_1_85' title='bbox 257 1957 440 2010; x_wconf 62' lang='lat' dir='ltr'>Benigno</span> <span class='ocrx_word' id='word_1_86' title='bbox 468 1955 651 2007; x_wconf 79' lang='lat' dir='ltr'>sequitur</span> <span class='ocrx_word' id='word_1_87' title='bbox 680 1960 862 1996; x_wconf 82' lang='lat' dir='ltr'>mortuos</span> <span class='ocrx_word' id='word_1_88' title='bbox 891 1955 1119 1996; x_wconf 71' lang='lat' dir='ltr'>miser-atim</span> 
     </span>
     <span class='ocr_line' id='line_1_24' title="bbox 257 2025 1058 2078; baseline 0 -11"><span class='ocrx_word' id='word_1_89' title='bbox 257 2028 368 2067; x_wconf 82' lang='lat' dir='ltr'>vivos</span> <span class='ocrx_word' id='word_1_90' title='bbox 397 2025 616 2078; x_wconf 79' lang='lat' dir='ltr'>malignum</span> <span class='ocrx_word' id='word_1_91' title='bbox 647 2037 793 2066; x_wconf 87' lang='lat' dir='ltr'>nomen</span> <span class='ocrx_word' id='word_1_92' title='bbox 824 2025 1058 2067; x_wconf 79' lang='lat' dir='ltr'>invidentia.</span> 
     </span>
    </p>
   </div>
   <div class='ocr_carea' id='block_1_15' title="bbox 852 2118 1098 2126">
    <p class='ocr_par' dir='ltr' id='par_1_18' title="bbox 852 2118 1098 2126">
     <span class='ocr_line' id='line_1_25' title="bbox 852 2118 1098 2126; baseline 0 1020"><span class='ocrx_word' id='word_1_93' title='bbox 852 2118 1098 2126; x_wconf 95' lang='lat' dir='ltr'> </span> 
     </span>
    </p>
   </div>
   <div class='ocr_carea' id='block_1_16' title="bbox 582 2207 1382 2257">
    <p class='ocr_par' dir='ltr' id='par_1_19' title="bbox 582 2207 1382 2257">
     <span class='ocr_line' id='line_1_26' title="bbox 582 2207 1382 2257; baseline 0.006 -7"><span class='ocrx_word' id='word_1_94' title='bbox 582 2207 1382 2257; x_wconf 82' lang='grc' dir='ltr'><em>ΦΙΛΟΔΙΚΑΣΤΗΣ.</em></span> 
     </span>
    </p>
   </div>
   <div class='ocr_carea' id='block_1_17' title="bbox 256 2295 1269 2699">
    <p class='ocr_par' dir='ltr' id='par_1_20' title="bbox 256 2295 1269 2699">
     <span class='ocr_line' id='line_1_27' title="bbox 258 2295 1250 2350; baseline -0.002 -12"><span class='ocrx_word' id='word_1_95' title='bbox 258 2297 428 2350; x_wconf 83' lang='lat' dir='ltr'>Aperite</span> <span class='ocrx_word' id='word_1_96' title='bbox 454 2295 566 2335; x_wconf 80' lang='lat' dir='ltr'>fores</span> <span class='ocrx_word' id='word_1_97' title='bbox 595 2299 775 2336; x_wconf 88' lang='lat' dir='ltr'>actutum</span> <span class='ocrx_word' id='word_1_98' title='bbox 802 2299 847 2335; x_wconf 90' lang='lat' dir='ltr'>ut</span> <span class='ocrx_word' id='word_1_99' title='bbox 877 2295 927 2334; x_wconf 89' lang='lat' dir='ltr'>ad</span> <span class='ocrx_word' id='word_1_100' title='bbox 957 2295 1091 2335; x_wconf 87' lang='lat' dir='ltr'>lucem</span> <span class='ocrx_word' id='word_1_101' title='bbox 1122 2296 1250 2348; x_wconf 79' lang='lat' dir='ltr'>magis</span> 
     </span>
     <span class='ocr_line' id='line_1_28' title="bbox 261 2365 1234 2418; baseline -0.002 -11"><span class='ocrx_word' id='word_1_102' title='bbox 261 2365 469 2418; x_wconf 85' lang='lat' dir='ltr'>conspicui</span> <span class='ocrx_word' id='word_1_103' title='bbox 497 2365 633 2413; x_wconf 86' lang='lat' dir='ltr'>simus,</span> <span class='ocrx_word' id='word_1_104' title='bbox 665 2365 698 2404; x_wconf 82' lang='lat' dir='ltr'>si</span> <span class='ocrx_word' id='word_1_105' title='bbox 727 2365 836 2405; x_wconf 85' lang='lat' dir='ltr'>forte</span> <span class='ocrx_word' id='word_1_106' title='bbox 866 2365 943 2404; x_wconf 89' lang='lat' dir='ltr'>hac</span> <span class='ocrx_word' id='word_1_107' title='bbox 972 2365 1234 2405; x_wconf 84' lang='lat' dir='ltr'>obambulans</span> 
     </span>
     <span class='ocr_line' id='line_1_29' title="bbox 260 2434 1231 2487; baseline 0 -11"><span class='ocrx_word' id='word_1_108' title='bbox 260 2436 417 2485; x_wconf 83' lang='lat' dir='ltr'>aedilis,</span> <span class='ocrx_word' id='word_1_109' title='bbox 447 2435 585 2474; x_wconf 82' lang='lat' dir='ltr'>facere</span> <span class='ocrx_word' id='word_1_110' title='bbox 615 2448 662 2474; x_wconf 87' lang='lat' dir='ltr'>ex</span> <span class='ocrx_word' id='word_1_111' title='bbox 693 2436 785 2487; x_wconf 84' lang='lat' dir='ltr'>lege</span> <span class='ocrx_word' id='word_1_112' title='bbox 815 2434 923 2485; x_wconf 91' lang='lat' dir='ltr'>quod</span> <span class='ocrx_word' id='word_1_113' title='bbox 953 2435 1086 2486; x_wconf 87' lang='lat' dir='ltr'>coepit</span> <span class='ocrx_word' id='word_1_114' title='bbox 1116 2449 1231 2486; x_wconf 87' lang='lat' dir='ltr'>nova,</span> 
     </span>
     <span class='ocr_line' id='line_1_30' title="bbox 256 2505 1105 2556; baseline 0.002 -12"><span class='ocrx_word' id='word_1_115' title='bbox 256 2505 361 2546; x_wconf 88' lang='lat' dir='ltr'>inire</span> <span class='ocrx_word' id='word_1_116' title='bbox 389 2516 601 2545; x_wconf 86' lang='lat' dir='ltr'>nnmerum</span> <span class='ocrx_word' id='word_1_117' title='bbox 633 2505 766 2556; x_wconf 87' lang='lat' dir='ltr'>cupiat</span> <span class='ocrx_word' id='word_1_118' title='bbox 796 2505 1105 2546; x_wconf 83' lang='lat' dir='ltr'>convivantium.</span> 
     </span>
     <span class='ocr_line' id='line_1_31' title="bbox 260 2574 1246 2624; baseline 0 -9"><span class='ocrx_word' id='word_1_119' title='bbox 260 2574 457 2615; x_wconf 84' lang='lat' dir='ltr'>mendose</span> <span class='ocrx_word' id='word_1_120' title='bbox 486 2586 604 2615; x_wconf 74' lang='lat' dir='ltr'>veroz</span> <span class='ocrx_word' id='word_1_121' title='bbox 632 2574 790 2615; x_wconf 87' lang='lat' dir='ltr'>factum</span> <span class='ocrx_word' id='word_1_122' title='bbox 812 2585 903 2615; x_wconf 85' lang='lat' dir='ltr'>nam</span> <span class='ocrx_word' id='word_1_123' title='bbox 931 2574 1065 2624; x_wconf 79' lang='lat' dir='ltr'>suerat</span> <span class='ocrx_word' id='word_1_124' title='bbox 1097 2575 1246 2616; x_wconf 89' lang='lat' dir='ltr'>bonum</span> 
     </span>
     <span class='ocr_line' id='line_1_32' title="bbox 260 2645 1269 2699; baseline 0 -13"><span class='ocrx_word' id='word_1_125' title='bbox 260 2645 489 2687; x_wconf 86' lang='lat' dir='ltr'>incoenium</span> <span class='ocrx_word' id='word_1_126' title='bbox 519 2645 726 2687; x_wconf 88' lang='lat' dir='ltr'>hominum</span> <span class='ocrx_word' id='word_1_127' title='bbox 755 2645 931 2687; x_wconf 81' lang='lat' dir='ltr'>latebras</span> <span class='ocrx_word' id='word_1_128' title='bbox 962 2645 1269 2699; x_wconf 82' lang='lat' dir='ltr'>perscrutarier.</span> 
     </span>
    </p>
   </div>
   <div class='ocr_carea' id='block_1_18' title="bbox 852 2738 1112 2750">
    <p class='ocr_par' dir='ltr' id='par_1_21' title="bbox 852 2738 1112 2750">
     <span class='ocr_line' id='line_1_33' title="bbox 852 2738 1112 2750; baseline 0 396"><span class='ocrx_word' id='word_1_129' title='bbox 852 2738 1112 2750; x_wconf 95' lang='lat' dir='ltr'> </span> 
     </span>
    </p>
   </div>
  </div>
 </body>
</html>
