1702 3158
493 167 683 210 ΙΑΣΙΣ.
749 163 1006 208 ΙΠΠΕΥΣ.
1411 167 1495 208 421

553 335 970 379 ΙΑΣΙΣ.

135 431 406 474 Antiassicista
436 443 476 483 p.
506 429 561 469 83
592 427 659 469 15.
703 424 1142 483 Ἀμφιτιὲπηται
1178 423 1357 478 ''Al-egee
1398 421 1493 465 Ἰά-

24 502 130 546 σιδι.
190 505 386 544 Fortasse
414 495 593 541 Ἰάσονι.
654 501 704 542 V.
738 501 847 541 Hist.
880 501 969 541 crit.
1001 515 1040 554 p.
1073 501 1170 540 301.

442 679 1083 732 ΙΠΠΕΥΣ.*)

746 774 777 814 Ι.

194 854 327 899 Τοῦτ’
362 854 480 899 ἔστιν
508 853 797 910 Ἀκαδήμεια,
830 854 959 897 τοῦτο
989 851 1284 912 Ξενοκράτηςς

188 938 320 983 πόλλ’
352 939 513 996 ἀγαθὰ
543 941 660 983 δοῖεν
689 942 732 982 οἱ
763 941 867 982 θεοὶ
897 938 1131 997 Δημητρίῳ

188 1029 263 1068 καὶ
294 1029 383 1077 τοῖς
412 1027 699 1082 νομοθέταις,
729 1024 845 1068 διότι
875 1026 976 1076 τοὺς
1003 1024 1079 1076 τὰς
1110 1024 1197 1066 τῶν
1226 1020 1381 1076 λόγων,

188 1106 245 1161 ὥς
275 1127 403 1167 φασι,
433 1109 638 1166 δυνάμεις
668 1110 999 1168 παραδιδόντας
1028 1112 1118 1160 τοῖς
1148 1110 1260 1159 νέοις

192 1197 234 1246 ἐς
262 1195 450 1252 κόρακας
482 1195 619 1254 ἔρρειν
647 1199 789 1253 φασὶν
818 1197 863 1239 ἐκ
896 1197 970 1249 τῆς
998 1194 1223 1245 Ἀττικῆς.

136 1302 386 1343 Athenaeus?
405 1302 506 1342 xlu
536 1316 577 1355 p.
607 1303 691 1342 61⁰
708 1316 753 1342 e:
793 1295 868 1348 οὓς
908 1295 1247 1355 (φιλοσόφους)
1278 1291 1331 1336 οὐ
1359 1289 1500 1349 μόνον

22 1368 279 1426 Λυσίμαχος
310 1369 334 1412 ό
364 1370 568 1424 βασιλεὺς
598 1367 818 1426 ἐξεκήρυξε
861 1369 936 1421 τῆς
978 1365 1094 1419 ἰδίας
1135 1363 1363 1422 βασιλείας
1393 1361 1499 1405 ἀπε-

23 1439 208 1492 λαύνων,
238 1439 348 1482 ἀλλὰ
378 1443 449 1482 καὶ
476 1437 742 1492 Ἀθηναῖοι.
802 1438 980 1493 ”Αλεξις
1010 1439 1117 1494 γοῦν
1147 1439 1193 1480 ἐν
1214 1433 1363 1495 Ἵππῳ
1394 1439 1498 1491 (leg.

17 1511 194 1567 Ἰππεῖ)
239 1515 350 1569 φησι
403 1510 538 1553 Τοῦτ’
583 1510 702 1553 ἔστιν
741 1510 1023 1566 Ἀκαδήμεια
1067 1510 1157 1553 κτλ.
1232 1514 1303 1554 Vs.
1336 1514 1358 1551 1
1405 1511 1500 1551 libri

23 1583 291 1640 ’Λκαὸημιά.
353 1587 499 1638 Attigit
529 1587 637 1625 hunc
670 1598 831 1625 versum
864 1592 1035 1638 propter
1065 1585 1311 1625 Xenocratis
1342 1595 1500 1622 memo-

24 1659 126 1699 riam
165 1659 324 1698 lonsius
365 1657 417 1695 de
459 1657 608 1708 Script.
654 1656 808 1695 Philos.
842 1656 859 1695 1
900 1656 952 1695 19
991 1671 1032 1709 p.
1064 1657 1159 1705 120,
1192 1669 1272 1695 non
1313 1659 1503 1694 constare

25 1731 105 1771 sibi
135 1731 299 1778 dicens,
339 1734 476 1767 utrum
507 1727 559 1766 de
591 1727 681 1765 vivo
713 1727 904 1778 loquatur
936 1727 1073 1766 Alexis
1103 1712 1338 1766 Xenociate
1368 1738 1419 1764 an
1451 1724 1503 1763 de

24 1802 184 1855 pictura
215 1801 316 1839 eius.
388 1799 517 1837 Immo
548 1797 616 1836 ina
647 1798 771 1837 verba
803 1793 922 1836 τοῦτ’
959 1793 1080 1836 ἔστιν
1106 1791 1389 1847 Ἀκαδήμεια
1420 1798 1501 1834 etc.

27 1873 77 1913 ad
107 1871 278 1912 eandem
308 1870 508 1910 rationem
539 1869 647 1907 dicta
678 1872 784 1917 sunt,
819 1881 897 1920 qua
916 1869 1100 1922 Oedipus
1124 1868 1232 1920 apud
1249 1866 1500 1919 Sophoclem

27 1943 127 1995 Tyr.
160 1943 267 1981 1326
307 1941 505 1980 exclamat
540 1933 781 1978 Ἀπόλλων
822 1934 923 1977 τάδ’
957 1928 1031 1988 ἦν,
1070 1945 1111 1979 ct
1151 1940 1304 1979 chorus
1342 1937 1385 1977 in
1416 1937 1500 1976 fine

28 2013 337 2055 Trachiniarum
378 2006 532 2049 κούδὲν
572 2005 737 2048 τούτων
775 2002 803 2049 ὅ
840 2023 880 2048 τι
909 2007 969 2063 μὴ
1004 2005 1123 2056 Ζεύς.
1195 2010 1353 2061 Quibus
1393 2007 1500 2047 adde

29 2084 299 2125 Menandrum
327 2096 366 2134 p.
392 2083 493 2122 168:
524 2075 675 2120 πάνθ’
708 2073 792 2120 ὅσα
824 2079 1008 2132 νοοῦμεν
1038 2074 1065 2128 ἢ
1096 2078 1276 2131 λέγομεν
1306 2073 1334 2128 ἢ
1364 2073 1502 2133 πράτ-

30 2165 160 2206 τομεν
199 2148 314 2205 Τύχη
351 2149 479 2192 ’σι-ἰν.
549 2153 624 2192 cfr
655 2153 857 2192 Matthiae
900 2152 950 2191 ad
992 2152 1199 2202 Euripidis
1242 2151 1396 2191 Troad.
1429 2151 1498 2189 99.

32 2226 135 2266 Sunt
164 2230 298 2264 nutem
328 2225 438 2263 senis
469 2224 593 2262 verba
624 2223 885 2275 philosophis
916 2223 1023 2270 irati,
1054 2222 1162 2273 quod
1194 2223 1325 2260 filium
1358 2234 1499 2261 corru-

32 2297 181 2350 perint.
224 2320 279 2327 ——
327 2295 395 2334 Vs.
427 2295 453 2332 3
484 2294 767 2345 νομοθέταις.
828 2294 1078 2345 Sophoclem
1112 2294 1356 2332 Suniensem
1387 2292 1498 2340 dicit,

33 2368 86 2408 de
114 2367 228 2407 cuius
257 2367 350 2418 lege
381 2365 431 2404 ad
461 2378 582 2416 quam
613 2366 783 2418 respicit
814 2365 954 2406 Alexis
999 2378 1035 2404 v.
1068 2365 1176 2403 [list.
1209 2365 1298 2403 crit.
1333 2376 1371 2415 p.
1402 2363 1497 2402 394.

258 2560 346 2600 Καὶ
379 2555 628 2614 θηρίκλειός
660 2572 722 2607 τις
752 2556 883 2611 κύλιξ,
917 2559 1139 2613 στέφανον
1169 2551 1306 2613 κύκλῳ

258 2641 413 2697 ἔχουσα
438 2643 654 2701 χρυσοῦν·
686 2644 739 2686 οὐ
769 2643 850 2699 γὰρ
881 2640 1115 2694 ἐπίτηκτὸν
1144 2655 1256 2683 τινα.

134 2770 168 2814 *J
195 2771 231 2805 V.
258 2771 344 2806 Hist.
369 2776 443 2809 crit.
469 2788 501 2820 p.
526 2779 606 2812 394.
