1702 3158
1640 0 1693 114 Ἡ

1661 75 1667 84 ’

1672 130 1686 146 .,

239 281 524 336 Ἀμαλθείας
567 282 707 336 κέρας.
778 283 962 323 Imitatur
1006 295 1237 324 sermonem
1281 284 1558 327 Homericum.
1617 287 1689 331 Cf:

246 354 476 394 Lobeckius
507 353 709 406 Aglaoph.
740 366 780 405 p.
810 353 906 392 863.
964 352 1065 392 lbid.
1094 354 1187 394 libri
1217 353 1359 404 ταῖσι,
1389 356 1498 406 quod
1526 361 1689 409 proptor

243 427 416 462 metrum
446 423 616 463 correxi.
681 422 723 461 ln
754 423 1019 474 sequentibus
1049 435 1129 463 non
1158 424 1362 473 medulla,
1401 428 1446 463 ut
1484 438 1533 464 ex
1572 436 1692 469 versus

243 492 383 543 quinto
414 493 618 532 coniicere
648 491 800 544 possis,
843 491 916 548 sed
945 486 1108 542 ἄμυλος
1137 493 1401 542 describitur,
1439 494 1480 534 h.
1513 507 1549 534 e.
1589 496 1687 536 edua

243 560 343 599 lium
380 573 429 600 ex
468 566 608 601 coacto
646 561 752 600 lacte
790 565 832 600 et
870 561 992 600 melle
1033 561 1286 612 confectum,
1332 563 1440 614 quod
1480 559 1610 616 τυρὸν
1647 563 1689 605 ἐν

242 627 382 682 μέλιτι
412 635 529 670 vocat
557 631 828 671 Pherecrates
857 630 1048 670 Dulodid.
1081 631 1112 680 Ι,
1140 632 1181 671 7.
1213 636 1254 671 et
1280 632 1322 672 in
1352 645 1503 673 coenae
1525 646 1692 687 quoque

243 703 438 753 apparatu
468 700 800 740 commemoravit
829 699 1078 740 Philoxenus
1106 701 1213 752 apud
1243 702 1392 743 Athen.
1412 703 1468 745 lv
1495 717 1534 756 Ρ.
1552 704 1692 747 147111

244 765 489 822 ὁμοσύζυγα
531 767 576 808 δὲ
613 763 786 819 ξανθόν
828 764 867 807 τ’
898 767 1161 818 ἐπεισῆλθεν
1196 768 1292 821 μέλι
1333 771 1406 810 καὶ
1443 768 1555 824 γάλα
1585 769 1691 827 ‹525th

243 851 424 888 πακτον,
451 833 502 878 τό
532 851 575 878 κε
602 835 733 889 τυρὸν
762 830 876 885 ἅπας
906 851 969 885 τις
997 835 1106 889 ἦμεν
1135 835 1293 892 ἔφασχ’
1325 836 1519 892 ἁπαλόν,
1549 838 1692 895 κῆγων

248 903 439 962 ἐφάμαν.
479 908 619 960 ltaque
647 904 802 959 μυελὸς
830 921 911 948 non
941 909 1106 960 proprio
1138 921 1258 949 sensu
1289 912 1590 963 accepiendum‚
1621 913 1694 955 sed

244 978 297 1019 de
325 979 432 1018 lactc
460 977 825 1029 interpretandum,
855 978 963 1029 quod
993 978 1282 1019 condensatum
1299 980 1461 1031 quidem
1490 987 1590 1031 erat,
1621 983 1696 1023 sed

244 1051 379 1087 tamen
396 1047 691 1086 mollitudinem
705 1047 908 1086 medullae
935 1046 1142 1086 referebat
1160 1044 1493 1102 (gallertartig).
1534 1052 1693 1100 Eodem

243 1128 367 1158 sensu
404 1109 561 1167 ὄστρεα
589 1108 823 1166 μυελόεντα
860 1117 1009 1156 dixisse
1048 1116 1209 1156 videtur
1238 1118 1400 1158 Matron
1432 1120 1606 1159 Athenai
1636 1121 1694 1174 Ιᾝ

244 1200 285 1239 p.
303 1184 382 1224 135
403 1198 439 1224 a.
469 1189 511 1223 et
538 1179 774 1236 μυελόεντα
803 1182 940 1225 ποτὸν
969 1180 1152 1239 ὄρνιθος
1178 1187 1387 1227 Nicander
1414 1189 1604 1241 Alexiph.
1625 1191 1693 1233 ὄλ

245 1255 314 1295 ubi
359 1253 578 1294 scholiasta
620 1253 696 1292 τόν
740 1249 797 1301 ὥς
838 1252 993 1306 μυελὸς
1030 1250 1258 1307 γενόμενον
1295 1254 1340 1295 ἐκ
1378 1254 1453 1305 τῆς
1489 1253 1694 1312 ἑψήσεωοῇ

245 1336 411 1377 prorsus
441 1315 486 1362 tit
515 1325 556 1362 in
587 1325 677 1363 loco
703 1324 882 1365 Alexidis
915 1339 938 1365 e
967 1323 1153 1379 ΙΙονηρᾷ
1182 1326 1366 1378 (Fragm.
1396 1327 1428 1376 1,
1457 1329 1504 1378 7)
1536 1329 1587 1369 de
1617 1330 1694 1370 salz

246 1398 429 1435 sarmento
449 1393 645 1432 dicentis:
674 1383 772 1431 εἶθ’
796 1391 916 1446 ἕψων
946 1392 1056 1433 ποιῶ
1075 1390 1246 1445 μυελόν,
1274 1392 1356 1447 οἶφε
1340 1392 1453 1436 εῖλόν
1481 1410 1504 1435 τ
1515 1392 1702 1451 ’ἐπιγοᾶ-

247 1461 390 1509 νώσας
427 1458 598 1515 σιλφίῳ.
668 1464 786 1504 Hanc
828 1469 964 1503 autem
993 1478 1129 1504 veram
1159 1478 1252 1505 esse
1280 1466 1360 1506 loci
1390 1459 1702 1519 explicatione&

247 1534 385 1575 nescio
415 1545 466 1573 an
496 1532 736 1585 Antiplianis
776 1534 1008 1574 testimonio
1047 1535 1208 1586 probari
1248 1537 1398 1587 possit,
1440 1538 1508 1589 qui
1541 1536 1695 1581 similit&

246 1616 352 1644 mam
382 1602 594 1681 placentae
624 1603 1041 1655 circumscriptionem
1072 1604 1252 1644 exhibuit
1281 1606 1464 1658 Aphrod.
1495 1608 1526 1655 1,
1556 1609 1605 1648 7:
1676 1595 1693 1646 ae'

358 1668 403 1711 εὐ
433 1670 588 1722 λέγεις·
622 1668 790 1721 ξουθῆς
818 1670 1024 1724 μελίσσης
1053 1670 1247 1726 νάμασιν
1275 1673 1319 1713 δὲ
1349 1674 1545 1728 συμμιγῆ
1669 1670 1699 1722 ii

357 1736 563 1794 μηκάδων
593 1752 728 1792 αιγων
757 1737 975 1796 ἀπόρρουν
1004 1739 1225 1796 θρόμβον,
1255 1740 1558 1796 ἐγκαθήμενον
1670 1747 1699 1787 »ιεῖ

355 1806 414 1859 εἰς
443 1808 585 1850 πλατὺ
615 1809 879 1866 στέγαστρον
908 1808 1042 1864 ἁγνῆς
1071 1812 1302 1866 παρθένου
1330 1813 1468 1864 Δηοῦς
1497 1810 1640 1870 κόρης,
1682 1829 1690 1845 ἐ

359 1878 726 1926 λεπτοσυνθέτοις
754 1879 985 1934 τρυφῶντα
1011 1879 1182 1935 μυρίοις
1207 1878 1499 1937 καλύμμασιν,
1673 1883 1692 1931 2

360 1944 388 1999 ἢ
416 1963 568 2002 σαᾳως
598 1947 847 1989 πλακοῦντα
878 1947 1023 2005 φράζω
1053 1965 1145 2003 σοις
1577 1958 1582 1961 ’
1664 1964 1693 2006 :q

248 2020 331 2061 Sed
361 2020 575 2060 dicendum
606 2020 658 2059 de
687 2020 868 2072 singulis.
927 2046 982 2054 —-
1038 2023 1108 2063 Vs.
1138 2023 1166 2061 5
1202 2017 1393 2077 ἀράχνας
1422 2024 1623 2076 genitivus
1650 2016 1702 2070 dl

247 2086 530 2142 εναλιγκίοισι
559 2090 731 2143 pendet,
762 2091 870 2142 quod
899 2092 1079 2143 genitivo
1109 2105 1191 2133 non
1220 2093 1350 2135 minus
1378 2098 1491 2134 recte
1520 2094 1702 2146 11111ςὶ11111

245 174 328 215 638
596 173 669 214 ΒΕ
701 171 1012 213 PHILOXEN!
1044 172 1318 214 OYTHERII

462 2234 547 2278 φηρὶ
572 2230 728 2276 Μαρσύιι
754 2233 868 2272 κλέος·
894 2235 931 2267 τί
952 2234 1017 2279 γάρ
1044 2248 1095 2282 νιν

470 2288 653 2338 εὐηράτοιο
679 2289 815 2330 κάλλεος
840 2289 917 2331 ὀξὺς
942 2296 1022 2339 ἔρως
1046 2297 1192 2339 ἔτειρεν,-

472 2346 517 2393 u}
540 2349 606 2396 γὰρ
631 2353 825 2396 παρθενίαν
853 2351 987 2397 ἄγαμον
1013 2354 1071 2386 και
1093 2349 1213 2387 ἄπαιδ’
1244 2355 1393 2396 ἐπενειμε
1408 2355 1561 2389 lxi-wod.
1664 2382 1702 2410 ἵ

245 2409 284 2442 In
310 2408 363 2442 his
387 2420 437 2443 vs.
452 2411 471 2442 1
497 2420 559 2454 plo
584 2409 624 2443 ὃν
648 2411 769 2454 scripsi
793 2410 848 2452 ἅν,
873 2413 965 2455 quod
990 2413 1033 2445 ad
1056 2413 1246 2446 Minervam
1271 2412 1499 2448 referendum.
1536 2434 1580 2440 —
1606 2416 1662 2450 Vs.
1664 2411 1702 2462 3

248 2467 362 2501 editur
396 2469 487 2502 δῖαν.
542 2469 588 2502 At
617 2474 764 2503 metrum
796 2470 942 2513 requirit
976 2472 1073 2514 δίαν,
1105 2473 1199 2506 cuius
1233 2473 1364 2507 formae
1399 2476 1555 2519 exempla
1587 2464 1702 2525 31111Ιῇ

248 2527 374 2562 alicubi
398 2528 609 2563 Dindorfius.
637 2548 683 2555 —
716 2531 773 2563 Vs.
798 2531 820 2563 3
845 2530 1067 2572 inni-aydam
1091 2531 1211 2576 scripsi
1235 2543 1296 2576 pro
1320 2535 1585 2577 ἐκφοβηθεῖσαν,
1609 2532 1701 2579 quod)

246 2597 289 2619 ex
319 2586 597 2631 interpretatione
628 2588 808 2633 irrepsisse
837 2588 982 2622 videtur.
1029 2607 1075 2614 -—-
1119 2592 1177 2625 Vs.
1200 2591 1224 2625 4
1251 2591 1452 2636 χοροκτύπῳ
1488 2593 1614 2637 scripsi
1635 2600 1701 2638 pru

242 2643 467 2691 χειροκτύπῳ
515 2647 681 2682 Similiter
704 2647 879 2682 Iacobsins
899 2648 1114 2693 χοροιτύπῳ.
1147 2670 1192 2676 -
1224 2652 1283 2686 Vs.
1361 2663 1430 2686 non
1462 2653 1544 2686 satis
1567 2653 1702 2694 integat

247 2705 395 2750 scriptus
418 2706 565 2741 videtur.
588 2726 633 2733 --
657 2708 716 2742 Vs.
739 2708 763 2741 7
785 2706 828 2750 τᾷ
852 2707 974 2751 scripsi
996 2719 1058 2751 pro
1083 2706 1115 2752 ᾇ,
1141 2712 1175 2743 et
1199 2710 1346 2755 ἐπένειμε
1370 2721 1431 2755 pro
1454 2707 1622 2756 ἀπένειμε.
