1702 3158
198 159 285 211 ‘860
696 170 1150 213 ARISTOPHONTIS

203 275 293 332 μὴν
319 277 408 320 κτλ.
463 281 526 320 Ex
555 281 765 322 Athenaeo
804 281 979 333 profecit
1019 282 1208 322 Eustath.
1239 296 1277 335 p.
1310 283 1417 323 1168
1446 285 1517 334 21,
1544 288 1649 328 male

206 349 276 388 ille
297 362 354 388 vs.
372 349 495 388 aeut
525 351 775 401 coniungens
802 346 974 389 θύννου
1004 351 1082 402 μὲν
1111 340 1376 404 οὖν’σεμνὸν
1407 352 1454 392 τὸ
1485 354 1651 408 βρῶμα.

205 418 277 458 Vs.
307 418 332 455 3
364 418 506 469 scripsi
533 414 767 468 κλείουσινς
795 414 865 457 οὕ·
909 415 1090 459 θύννου.
1147 422 1260 461 Libri
1289 418 1495 474 κλείουσι;
1537 421 1653 464 θύν-

205 496 295 524 νου.
356 486 560 526 Iacobsius
591 493 632 526 et
661 488 892 528 Dindorfius
928 485 1139 539 κλείουσι,·
1179 487 1256 528 τοῦ
1289 487 1472 532 θύννου.
1533 495 1654 535 Ludit

206 558 326 607 poeta
354 556 395 593 in
427 555 577 606 duplici
607 556 901 608 significatione
931 561 1040 599 vocis
1069 555 1200 608 κλεῖς,
1232 573 1335 610 quae
1361 566 1401 600 et
1430 563 1582 602 clavem
1614 570 1655 604 et

204 624 376 662 iuiulum
412 624 658 675 thynnorum
698 627 762 665 vel
792 640 1034 679 orcynorum
1066 633 1190 668 notat.
1249 629 1420 669 Sensum
1452 632 1529 670 loci
1559 647 1653 685 ape-

203 692 286 731 ruit
315 693 590 732 Casaubonus.
634 695 829 742 „Graecis
858 697 938 736 duo
969 698 1142 737 clavium
1173 710 1322 749 genera
1353 706 1466 738 erant
1494 701 1533 740 in
1563 714 1652 751 usu,

204 762 476 803 communium
499 766 540 802 et
559 763 865 813 Laconicam,
895 778 997 816 quae
1025 768 1144 805 etiam
1166 764 1382 805 καλυπταὶ
1404 769 1652 812 dicebantur.

205 830 447 882 Oppositum
478 829 698 871 καλυπτοῦ
727 835 811 873 sive
842 835 994 874 occulti
1023 840 1085 874 est
1114 830 1163 873 τὸ
1193 829 1349 885 ὀπτόν,
1395 839 1501 888 quod
1541 841 1651 880 cerni

202 903 362 952 potest:
401 913 492 940 nam
521 895 658 939 ὀπτὸν
687 907 903 954 utrumque
932 904 1152 955 significat,
1195 909 1235 943 et
1264 912 1447 945 assatum
1478 913 1519 947 et
1549 912 1651 949 visi-

204 967 300 1012 bile.
361 969 467 1021 Vide
497 970 595 1011 VIII
624 984 664 1022 p.
693 971 825 1010 3381».
844 984 880 1011 c.
945 973 1006 1011 Ex
1045 973 1110 1012 his
1153 974 1434 1027 intelliguntur
1462 979 1650 1019 versiculi

202 1037 522 1089 Aristophontis.
582 1039 684 1078 Nam
714 1044 759 1078 ut
789 1040 956 1079 diximus
987 1042 1108 1081 clavis
1140 1038 1352 1095 Laconica,
1379 1044 1455 1084 alio
1486 1048 1648 1087 nomine

199 1102 395 1153 καλυπτὴ
426 1106 553 1156 dicta,
584 1109 803 1159 opponitur
833 1108 926 1154 ταῖς
956 1105 1083 1147 δυσὶν
1111 1105 1324 1158 ὀπταῖς.””
1370 1114 1430 1161 De
1467 1115 1646 1155 clavibus

197 1175 427 1223 Laconicis,
457 1188 555 1227 quas
585 1189 664 1216 non
696 1181 776 1217 tam
805 1173 1023 1224 καλυπτὰς
1041 1191 1158 1230 quam
1189 1176 1483 1238 vanto'tg'ldici
1513 1184 1651 1224 solitas

199 1243 327 1287 fuisse
356 1245 764 1299 Schweighaeuserus
793 1248 962 1296 monuit,
992 1248 1085 1288 vide
1114 1249 1163 1288 ad
1184 1250 1398 1291 Menandm
1429 1265 1469 1304 p.
1502 1253 1594 1295 120.

955 1337 1058 1344 0—-

594 1404 642 1448 Π
698 1408 746 1449 Λ
797 1407 842 1448 Α
902 1407 944 1448 Τ
995 1404 1038 1447 Ω
1098 1407 1152 1447 Ν.
1216 1412 1256 1461 *)

856 1492 936 1537 Ἐν
965 1495 1144 1551 ἡμέραις
1177 1496 1318 1551 τρισίν
1384 1543 1386 1545 ,

416 1573 664 1632 ἰσχνότερον
694 1574 830 1619 αὐτὸν
859 1576 1077 1636 ἀποφανῶ
1110 1578 1393 1622 Φιλιππίδου.

414 1661 471 1702 Β.
498 1655 632 1709 οὕτως
661 1660 706 1702 ἐν
736 1658 912 1716 ἡμέραις
941 1660 1108 1717 ὀλίγαις
1135 1663 1307 1720 νεκροὺς
1335 1665 1492 1718 ποιεῖς,-

304 1751 539 1792 Athenaeus
568 1753 646 1792 XII
676 1766 716 1805 p.
747 1753 829 1793 552
846 1767 880 1794 e.
923 1756 974 1794 de
1016 1756 1260 1808 Pliilippidis
1296 1757 1524 1796 macilentia
1563 1758 1644 1798 dis-

193 1833 356 1861 serens:
393 1817 678 1874 Ἀριστοᾳῶν
706 1819 913 1861 Πλάτωνι
940 1819 1020 1862 Ἐν
1047 1820 1226 1876 ἡμέραις
1256 1822 1345 1865 κτλ.
1402 1827 1645 1867 Eustathius

190 1902 231 1942 p.
263 1890 370 1930 1646
401 1891 476 1929 16·
530 1884 598 1928 διό
634 1901 750 1936 τινος
785 1886 980 1939 εἰπόντος
1019 1907 1076 1939 ως
1112 1891 1158 1932 ἐν
1202 1889 1380 1947 ἡμέραις
1417 1894 1531 1946 τρισὶ
1570 1893 1645 1934 τὸν

189 1956 311 1996 δεῖνα
341 1951 587 2011 ἰσχνότερον
619 1956 889 1999 Φιλιππίδου
919 1957 1158 2016 ἀποφανῶ,
1199 1959 1283 2017 ἔφη
1312 1975 1398 2010 τις,
1437 1955 1570 2009 οὕτως
1599 1961 1644 2002 ἐν

187 2022 366 2079 ἡμέραις
398 2023 565 2079 ὀλίγαις
602 2025 774 2080 νεκροὺς
810 2030 967 2080 ποιεῖςς
1026 2032 1138 2071 Libri
1190 2029 1236 2070 ἐν
1285 2027 1462 2085 ημέραις
1502 2027 1638 2071 αὐτόν

187 2096 330 2149 τρισὶν
359 2090 605 2153 ἰσχνότερον
633 2093 862 2152 ἀποφανῶ.
905 2101 1090 2141 Correxit
1122 2102 1339 2144 Porsonus.
1384 2102 1526 2144 Priora
1556 2101 1641 2142 sor

187 2170 295 2209 tasse
325 2166 506 2208 Platonis
537 2169 662 2209 verba
691 2173 785 2210 sunt
816 2169 1086 2240 dediscipulo
1121 2171 1289 2212 novitio.

499 2299 1321 2345 HYffiAFOPJETHZ.

898 2394 928 2433 I.

406 2472 528 2528 Πρὸς
555 2476 636 2528 μὲν
665 2473 713 2515 τὸ
742 2477 893 2527 πεινῆν
922 2474 1095 2517 ἐσθίειν
1123 2489 1166 2515 τε
1196 2472 1306 2528 μηδὲ
1336 2472 1380 2513 ἕν

402 2553 544 2610 νόμιζ’
574 2555 683 2614 ὁρᾶν
718 2558 1009 2615 Τιθύμαλλον
1038 2555 1066 2609 ἢ
1097 2543 1384 2606 Φιλιππίδην.

271 2640 308 2705 ‘J
327 2640 379 2696 De
403 2664 546 2699 Platone
580 2676 600 2698 a
636 2666 776 2700 comicis
810 2667 920 2714 poetis
944 2666 1044 2703 irriso
1081 2675 1110 2698 v.
1136 2663 1223 2699 Hist.
1248 2662 1321 2697 crit.
1348 2674 1380 2710 p.
1405 2662 1473 2696 287
1495 2672 1566 2721 sqq,
1605 2665 1639 2697 ct
1671 2668 1674 2670 '

181 2721 348 2757 comoed.
370 2726 442 2758 ant.
466 2735 498 2766 p.
524 2724 627 2760 1162,
