1656 3146
238 125 320 164 ⁶98
848 118 1063 170 ALuxls.

749 224 1191 269 ΜΙΛΩΝ.

243 318 322 368 Qui
351 316 504 368 primus
535 313 674 354 docuit
703 324 796 353 cum
824 312 992 353 lucerna
1019 312 1212 353 incedere

239 391 374 434 noctu,
405 384 624 436 digitorum
655 381 842 435 egregius
872 386 1034 422 curator
1063 381 1151 422 fuit.

733 545 1198 589 ΜΙΛΗΣΙΑ.

238 634 415 677 Nescitis
445 631 609 672 evenire
638 630 680 670 id
710 631 916 683 plerisque
945 632 1114 682 artibus,

237 709 283 744 ut
311 705 351 743 in
385 700 597 742 architecti
627 712 708 740 non
738 700 790 740 sit
817 701 937 740 unius
966 701 1042 740 sita

238 784 356 813 manu
383 771 582 821 voluptas,
612 769 684 809 sed
715 769 765 808 ad
792 769 899 821 hanc
927 774 1088 810 utentes
1118 779 1293 821 quoque,

238 843 272 883 si
302 847 414 880 recte
444 844 622 887 utantur,
652 842 809 890 partem
841 840 1097 896 contribuant
1126 839 1271 878 suam?

236 912 284 951 B.
315 909 445 962 Quale
472 908 604 947 illud?
633 912 678 946 ut
706 907 855 960 hospes
884 907 1034 961 aliquid
1063 906 1283 954 addiscam,
1313 904 1416 946 face.

237 982 285 1021 A.
316 980 503 1030 Coquere
534 981 574 1015 et
605 976 772 1016 condire
802 983 917 1015 recte
944 977 986 1015 id
1018 975 1202 1016 officium
1231 979 1294 1015 est
1324 976 1462 1027 coqui:

238 1049 339 1089 nihil
368 1050 596 1099 praeterea.
651 1045 686 1084 si
715 1045 784 1096 qui
814 1057 958 1085 esurus
990 1049 1063 1094 est,
1095 1044 1212 1084 adest

239 1119 282 1157 in
312 1122 510 1168 tempore,
542 1118 669 1153 artem
700 1125 772 1166 pro
803 1116 918 1166 parte
947 1113 1099 1154 adiuvit
1126 1124 1210 1152 sua.

242 1187 353 1239 quod
383 1186 418 1225 si
446 1184 525 1223 hoc
554 1183 722 1222 articulo
753 1183 870 1222 citius
899 1183 1009 1223 venit
1036 1187 1105 1221 aut
1138 1181 1282 1230 serius,

237 1257 292 1296 ita
321 1259 366 1295 ut
394 1253 503 1305 quod
532 1264 666 1291 assum
696 1256 763 1291 est
791 1252 939 1292 debeat
969 1251 1236 1298 recalescere,

237 1329 307 1366 aut
336 1323 443 1375 quod
474 1335 554 1360 non
584 1333 718 1360 assum
749 1325 811 1362 est
840 1322 1109 1361 consummari
1139 1317 1343 1366 celeriter,

237 1392 423 1446 spoliavit
452 1395 580 1430 artem
610 1390 836 1430 delectandi
865 1389 1008 1444 gloria.

939 1472 991 1512 11.

240 1545 375 1584 Homo
407 1554 520 1591 sum3
550 1541 715 1583 humani
744 1541 778 1580 si
807 1542 904 1593 quid
931 1541 1108 1582 alienum
1138 1540 1312 1582 arbitrer

239 1627 263 1654 a
292 1627 370 1663 me,
399 1625 476 1653 nec
500 1611 671 1652 miseros
701 1611 935 1652 sublevem:
963 1611 1072 1652 haud
1098 1611 1252 1665 sapiam
1280 1611 1423 1666 probe.

695 1763 1246 1807 ΜΙΛΚΩΝ.

675 1850 794 1903 Quod
825 1851 973 1890 bonum
1001 1855 1078 1898 est,
1110 1850 1227 1891 Plato

246 1925 398 1963 bonum
429 1933 520 1960 esse
549 1921 700 1972 ubique
729 1919 848 1967 dicit3
878 1931 959 1970 quo
989 1918 1151 1958 tendam
1181 1918 1307 1959 vides.

245 1992 353 2044 quod
381 2003 505 2031 suave
532 2003 607 2043 per
636 2003 680 2030 se
709 1993 784 2038 est,
814 2001 937 2028 suave
967 1993 1033 2028 est
1059 1987 1126 2029 hic
1156 1988 1276 2029 etiam
1306 1987 1399 2029 loci.

639 2122 709 2162 UA
720 2121 872 2164 ΥΣΣΕ
879 2121 913 2163 Υ
910 2121 952 2161 Σ
996 2116 1297 2165 ΥΦΑΙΝΩΝ.

769 2208 908 2259 Longa
937 2205 1189 2247 conversatio

247 2285 289 2321 et
318 2291 445 2319 novae
474 2277 732 2329 quotidianae
761 2275 1156 2329 compotatiunculae

247 2349 462 2403 proferunt
490 2347 686 2395 cavillam,
716 2359 820 2400 quae
848 2346 1025 2386 delectat
1056 2357 1175 2397 quam
1204 2343 1365 2385 mordet
1393 2343 1537 2384 minus.

247 2419 343 2459 hinc
371 2416 636 2457 maledicendi
666 2416 906 2469 principium
936 2416 1133 2456 nascitur:
1162 2414 1232 2454 ubi
1259 2413 1358 2465 quid
1387 2413 1549 2461 dixeris,

249 2487 388 2529 audies
418 2486 683 2526 tantumdem.
739 2488 892 2526 restant
920 2485 978 2525 nil
1007 2485 1084 2525 nisi
1115 2483 1302 2532 convitia,

251 2557 399 2598 deinde
426 2556 595 2596 verbera
623 2560 744 2608 atque
772 2566 945 2607 pugnae.
1003 2565 1176 2606 namque
1203 2565 1295 2592 sese
1324 2551 1427 2592 haec
1455 2555 1594 2593 mutuo

252 2641 325 2682 per
354 2630 537 2669 naturam
565 2627 878 2679 consequuntur,
909 2628 999 2664 vate
1027 2635 1104 2665 nec
1131 2622 1344 2676 quicquam
1374 2623 1437 2663 est
1463 2631 1579 2672 opus.
