1702 3158
488 116 788 166 EMHOAH.
841 114 1115 161 ΕΦΗΒΟΙ.
1444 117 1532 164 ³2⁷

52 231 281 290 Ἐμπολή·
323 233 421 290 περὶ
450 230 626 289 ἑταίρας
654 231 703 274 δέ
733 245 849 282 τινος
879 232 1005 288 λέγει.
1045 228 1236 274 ’Έπειτα
1266 231 1359 276 κτλ.
1418 234 1534 277 Idem

55 308 158 352 xm
188 322 230 362 p.
255 307 338 348 571
357 321 403 348 e:
441 306 540 363 περὶ
580 303 627 346 δὲ
668 302 755 346 τῶν
793 301 976 361 ἑταιρῶν
997 300 1228 361 ’Ἔφιππος
1256 303 1303 345 ἐν
1328 301 1533 363 Ἐμπολῇ

54 373 159 419 τάδε
188 373 328 432 φησιν
348 373 537 418 ''Eo-mm
563 375 654 418 κτλ.
718 379 790 421 Vs.
817 379 844 419 2
875 383 918 420 et
948 378 975 418 3
999 372 1149 429 ἡδέως,
1184 372 1405 432 ἐφίλησεν.
1468 378 1531 419 lta

55 450 161 500 363,
203 450 336 490 altero
380 450 473 490 loco
503 442 532 499 ἢ
559 444 867 504 κατεφίλησεν.
935 450 1163 491 Praeterea
1199 449 1338 490 malim
1379 443 1534 488 ἐκολά-

54 532 205 561 κευσεν
234 515 368 570 ἡδέως
396 517 576 576 ἐφίλησέ
605 514 668 562 τ’.
698 547 752 553 -—-
786 521 856 564 Vs.
886 520 914 560 4
944 517 1169 573 πολέμιον.
1198 519 1282 561 363
1310 516 1529 573 πολέμιος.

56 592 118 633 lta
148 593 271 634 etiam
299 592 538 633 Eustatbius
566 606 606 646 p.
624 588 729 632 1411
763 593 804 633 8.
861 591 973 643 Fuit,
1004 592 1046 633 ni
1075 591 1184 632 fallit
1213 591 1429 641 memoria,
1459 590 1530 644 qui

57 664 280 704 conficeret
314 654 461 716 ὥσπερ
497 656 682 710 πελειάς.
749 663 795 704 Si
823 676 922 704 sana
951 667 1016 704 est
1053 663 1254 704 librorum
1290 657 1442 713 lectio,
1477 660 1532 702 de

54 746 135 787 quo
166 733 288 774 etiam
320 733 530 774 lacobsius
560 734 697 775 Anim.
727 733 780 775 ad
809 735 960 777 Athen.
991 748 1033 788 p.
1064 734 1147 775 305
1179 731 1412 783 dubitabat,
1451 744 1532 772 πο-

51 800 204 856 λέμιον
232 803 412 844 fortasse
441 815 534 844 cum
565 798 711 856 στόμα
741 805 1076 858 coniungendam
1108 809 1184 847 est.
1215 830 1271 838 ——-
1301 804 1374 846 Vs.
1397 803 1425 844 5
1454 816 1532 857 pro

46 870 277 929 χαυνοῦσα
313 874 481 927 requiro
531 873 703 915 verbum
744 874 856 928 quod
896 877 1148 917 contrarium
1190 872 1243 916 sit
1291 875 1380 916 eius
1418 867 1531 928 quod

52 959 175 1000 supra
204 946 383 996 dixerat,
421 941 705 998 συμπιέσασα
735 940 786 985 τὸ
817 940 977 999 στόμα.
1046 946 1246 1000 Suspicor
1279 940 1527 999 χναύουσα,

51 1018 266 1060 osculatur
302 1018 514 1057 intrantes
555 1029 640 1056 non
676 1018 798 1070 quasi
836 1016 989 1059 hostile
1034 1031 1079 1058 os
1117 1019 1407 1071 comprimens,
1454 1018 1532 1060 sed

45 1102 266 1145 passerum
294 1089 434 1129 instar
461 1086 757 1128 morsiunculis
785 1086 1000 1129 vellicans.
1031 1088 1286 1142 Hesychius,
1307 1083 1524 1130 Χναὺωνε

53 1155 314 1213 πιρικνίζων,
345 1153 614 1212 περιτὶλλων.
671 1183 728 1191 -—
785 1157 857 1200 Vs.
886 1157 914 1199 5
945 1159 1123 1200 correxit
1153 1159 1400 1201 Turnebus:
1429 1161 1526 1201 libri

51 1220 103 1280 ἧς
130 1223 519 1284 ἐπαρεμυθὴσατο.
548 1250 602 1260 -
633 1228 704 1271 Vs.
721 1228 749 1268 7
779 1225 947 1268 λυποῦν
960 1229 1056 1271 363.
1087 1230 1219 1272 altero
1238 1230 1332 1273 loco
1356 1225 1525 1273 λοιπόν.

754 1329 809 1371 11.

523 1412 746 1455 Κοινωνεῖ
768 1408 863 1469 γάρ,
893 1401 928 1453 ὦ
957 1410 1198 1471 μειράκιον,
1227 1411 1255 1467 ἡ

269 1497 317 1541 ἐν
345 1498 488 1541 τοῖσιν
514 1495 666 1548 αὐλοῖς
695 1496 883 1554 μουσικὴ
913 1495 996 1541 κᾶν
1024 1497 1080 1559 τῇ
1107 1496 1221 1558 λύρᾳ

274 1584 364 1633 τοῖς
384 1580 632 1640 ἡμετέροισι
661 1582 904 1639 παιγνίοις·
936 1578 1046 1627 ὅταν
1075 1582 1159 1642 γὰρ
1187 1575 1236 1627 εὗ

274 1665 533 1726 συναρμόσῃ
563 1683 630 1719 τις
657 1670 749 1719 τοῖς
779 1669 963 1713 συνοῦσι
993 1667 1072 1711 τὸν
1100 1667 1280 1727 τρόπον,

272 1751 384 1797 τόθ’
419 1751 447 1806 ἡ
476 1751 661 1810 μεγίστη
691 1755 845 1811 τέρψις
872 1752 1176 1813 ἐξευρίσκεται.

161 1848 399 1892 Athenaeus
428 1848 528 1890 XIV
556 1860 597 1901 p.
629 1848 712 1888 617
730 1847 775 1888 f:
818 1847 915 1903 περὶ
955 1846 1002 1888 δὲ
1030 1846 1107 1898 τῆς
1137 1842 1285 1888 αὐλῶν
1313 1843 1422 1903 πρὸς
1449 1843 1523 1889 λύ-

49 1911 133 1977 ραν
160 1915 392 1966 κοινωνίας
420 1944 475 1951 —-
496 1913 729 1973 ’'Eqmnog
758 1915 805 1958 ἐν
828 1915 1033 1977 Ἐμπολῇ
1061 1917 1408 1972 λέγειΚοινωνεῖ
1431 1918 1523 1963 κτλ.

48 1993 121 2036 Vs.
143 1993 167 2032 1
200 1996 242 2033 et
270 1992 297 2032 2
327 1986 353 2039 ἡ
385 1987 431 2029 ἐν
461 1990 700 2031 Dindorfius
729 2003 805 2044 pro
835 1985 877 2040 ἤ,
907 1996 1134 2044 praeeunte
1164 1991 1421 2041 Casaubono‚
1452 1992 1524 2044 qui

49 2064 226 2119 primum
255 2074 421 2103 versum
446 2061 692 2102 terminabat
722 2074 824 2102 voce
852 2057 1098 2115 μειράκιον,
1129 2066 1172 2103 et
1202 2062 1335 2103 altero
1366 2063 1522 2104 scribe-

49 2135 120 2176 bat
146 2128 217 2182 ⁷‘2'v
243 2134 385 2172 τοῖσιν
413 2126 577 2179 αὐλοῖς.
650 2132 866 2173 Dobrneus
895 2133 999 2176 Adv.
1021 2134 1071 2178 *11
1101 2146 1141 2186 p.
1172 2133 1256 2174 347
1286 2133 1523 2175 dubitanter

49 2200 348 2261 μειρακίδιονΙ
375 2197 444 2253 ἥν
474 2202 616 2244 τοῖσιν
646 2198 808 2251 αὐλοῖς.

507 2371 549 2411 Ε
608 2369 651 2411 ‘D
712 2368 766 2410 H
821 2369 864 2410 Β
928 2367 963 2411 O
1023 2370 1059 2412 Ι.

222 2537 420 2598 Χόνδρος
447 2539 559 2596 μετὰ
589 2538 718 2583 ταῦτ’
751 2536 948 2592 εἰσῆλθε,
977 2536 1117 2594 μύρον
1149 2535 1408 2595 Αἰγύπτιον,

223 2622 466 2678 φοινικίνου
495 2623 616 2680 βῖκός
646 2641 711 2676 τις
740 2621 1062 2682 ὑπανεῴγνυτο,

230 2704 343 2761 ἴτρια
370 2708 632 2765 τραγήμαθ’
664 2704 753 2764 ἧκι,
782 2708 1024 2767 πυραμοῦς,
1054 2705 1181 2764 ἄμης,
