1656 3146
243 173 328 214 736

242 285 498 338 sapientiam
528 284 669 323 vinum
698 283 927 332 obumbrat,
955 284 1215 336 proverbium
1245 286 1340 326 267.

244 355 387 395 Scamo
420 356 462 392 et
491 352 678 393 Scammo
709 366 856 393 nomen
886 353 1095 405 proprium
1124 354 1219 395 215.

243 422 474 462 Scholiasta
505 422 691 462 Aristidis
722 422 882 463 emend.
914 423 1008 462 107.

241 491 466 532 Scholiasta
495 491 703 543 Aristoph.
734 493 803 532 82.

241 561 470 602 Scholiasta
500 560 733 599 Germanici
762 561 856 602 320.

240 630 468 670 Scholiasta
498 629 667 668 Homeri
701 629 795 668 137.

240 699 466 740 Scholiasta
495 698 708 737 Theocriti
737 698 834 739 438.

239 768 419 820 Scythae
448 780 528 807 non
558 766 710 806 habent
743 768 879 807 vinum
910 769 977 809 32.

239 834 380 884 σκέλη.
411 831 463 874 τὰ
495 834 622 883 σκέλη
654 841 695 875 et
724 833 778 874 τώ
812 834 939 886 σκέλη
968 837 1064 878 451.

239 903 408 945 σκελεαὶ
439 906 506 946 19.

238 971 450 1027 σκίραᾳος
480 980 521 1013 et
551 968 804 1026 σκιράφειον
832 976 930 1015 310.
1641 982 1656 1008 '5

239 1040 394 1096 σκίφος
422 1056 497 1095 pro
528 1040 665 1095 ξίφος,
697 1047 742 1082 ut
772 1038 950 1096 σκιφίας
980 1057 1053 1095 pro
1084 1039 1230 1097 ξιφίας
1257 1047 1327 1086 73.

238 1108 456 1164 σκόμβρος
483 1109 529 1150 ἐν
557 1109 758 1165 σατύροις
787 1110 883 1152 num
914 1115 1173 1165 proverbium
1204 1116 1300 1155 414.

238 1178 426 1235 σκόρόαξ
456 1194 529 1233 pro
559 1176 719 1234 κόρδαξ
748 1182 844 1221 572.

239 1249 396 1303 σιμνὸς
426 1247 591 1301 σεμνῶς
621 1252 716 1291 337.

237 1322 360 1374 Sepia
392 1321 518 1361 scorti
545 1333 692 1359 nomen
725 1321 791 1361 13.

237 1391 344 1432 servi
374 1390 572 1430 libertatis
604 1389 795 1441 poculum
824 1391 1009 1432 bibentes
1039 1393 1106 1432 12.

237 1457 417 1498 σεῦτλον
447 1464 489 1499 et
517 1455 692 1497 τεῦτλον
721 1459 817 1498 448.

237 1531 360 1571 Sicon
391 1541 471 1569 non
501 1541 709 1568 servornm
741 1533 894 1568 tantum
932 1528 1003 1568 sed
1047 1529 1165 1569 etiam
1197 1529 1410 1569 atticorum
1441 1530 1587 1570 civium
1616 1536 1656 1570 nt

294 1611 387 1638 men
417 1598 511 1638 264.
1640 1608 1646 1613 ”

237 1668 366 1720 sigma
394 1668 540 1707 literae
570 1679 667 1707 usus
698 1667 844 1707 vitatus
874 1667 970 1708 219.

235 1734 430 1789 Σιμμίας
460 1741 502 1776 et
529 1732 690 1788 Σιμίας
719 1737 816 1776 549.

235 1802 389 1858 Σίμων
417 1807 546 1846 iactus
576 1806 740 1845 talarius
770 1806 866 1846 233.

236 1876 456 1916 Simonidis
494 1876 689 1924 scolium,
728 1887 808 1927 quo
837 1869 1047 1926 ὑγιαίνειν
1077 1874 1275 1926 optimum
1313 1885 1403 1913 esse
1433 1872 1655 1925 dicitursa

291 1946 380 1985 aliis
410 1945 498 1984 aliis
526 1945 721 1984 tributum
751 1944 847 1984 169.

234 2014 464 2054 Simonides
494 2014 739 2064 Amorginus
770 2012 866 2052 431.
1626 2027 1645 2052 w

235 2083 372 2123 Simus
401 2082 549 2122 histrio
580 2082 632 2121 de
662 2086 750 2121 arte
781 2082 977 2122 culinaria
1006 2083 1169 2136 scripsit
1197 2083 1293 2124 445.
1641 2096 1643 2100 ¹

233 2148 403 2199 Σίνδοι,
433 2165 513 2191 non
545 2147 699 2188 Σινδοί
728 2151 823 2191 324.

230 2221 387 2272 Sinope
419 2221 612 2260 meretrix
643 2219 711 2258 14.
741 2219 838 2258 427.

230 2287 388 2342 σιφλός
417 2302 467 2329 an
499 2289 551 2328 de
582 2283 784 2333 ἀστύτοις
813 2287 971 2327 dicatur
1000 2287 1096 2327 615.

228 2359 396 2399 Sirenes
426 2371 448 2398 a
478 2358 611 2398 Musis
642 2359 774 2397 victae
804 2357 958 2407 alisque
987 2357 1168 2408 privatae
1196 2357 1294 2397 349.

229 2424 439 2478 σίττυβον
469 2440 544 2478 pro
577 2422 776 2477 σιττύβη,
808 2427 966 2465 corium
996 2426 1089 2467 100.

229 2493 441 2546 σίττυβον
469 2497 496 2535 i.
527 2509 565 2547 q.
597 2490 732 2540 λοπάς
763 2496 858 2535 100.

169 2586 182 2601 .
225 2563 380 2618 σμῆμα
411 2568 452 2605 et
482 2561 667 2616 σμῆγμα
697 2563 765 2604 75.

224 2627 428 2675 Sochares
459 2635 561 2674 deus
591 2633 854 2685 aegyptiacus
883 2633 979 2674 375.

230 2703 362 2757 σωχὶς
391 2716 496 2744 uvae
525 2704 790 2756 aegyptiacae
821 2716 970 2744 nomen
1000 2702 1096 2743 375.
