1702 3158
454 152 780 203 ΕΜΠΟΡΟΣ.
856 154 902 197 Χ
910 151 1082 197 ΟΡΟΣ.
1426 153 1511 196 369

534 325 1028 371 ΕΜΠΟΡΟΣ.

735 448 844 493 Ἐπὶ
875 446 1018 492 τοῖσδ’
1052 446 1131 504 ἐγώ

250 537 468 597 μάγειρος.
526 533 624 579 οὕτε
654 536 835 579 Σικελία
866 533 1132 591 καυχήσεται

256 626 429 682 τρέφειν
458 622 660 665 τοιοῦτον
691 619 894 678 ἄρταμον
924 617 1024 664 κατ’
1059 615 1247 676 ἰχθύων,

252 707 332 752 οὐκ
353 700 510 763 ἷΗλις,
541 708 662 752 ἔνθα
692 705 922 764 δελφάκων
951 706 1029 760 ἐγώ
1063 705 1167 762 κρέα

253 793 455 838 κάλλιστ’
490 792 652 837 ὄπωπα
682 791 817 851 πυρὸς
847 790 1008 848 ἀκμαῖς
1037 789 1310 846 ἠνθισμένα.

144 912 384 953 Athenaeus
414 910 513 954 XIV
544 925 583 964 p.
614 910 754 951 655st
794 904 943 948 ὀπτῶν
985 902 1216 962 δελφάκων
1256 901 1302 943 δὲ
1331 913 1511 957 μνημο-

31 978 145 1023 νεύει
171 978 436 1036 Ἐπικράτης
465 979 512 1021 έν
538 976 745 1036 Ἐμπόρῳ
778 975 886 1020 Ἐπὶ
915 976 1006 1020 κτλ.
1075 979 1147 1020 Vs.
1178 978 1206 1016 4
1243 970 1321 1015 οὐκ
1356 963 1510 1022 ῒΗλις.

32 1055 104 1096 PL
145 1049 197 1093 οὐ
241 1049 404 1102 κήλισ’.
463 1054 538 1095 AV
576 1047 794 1101 οὐκήλισ’.
864 1046 1054 1092 Correxit
1098 1048 1390 1096 casaubonus,
1435 1046 1513 1086 nisi

33 1126 145 1178 quod
175 1118 271 1164 οὔτ’
315 1112 446 1171 ῗΗλις
481 1125 665 1177 scripsit,
710 1135 791 1175 quo
822 1121 1000 1162 fortasse
1028 1133 1111 1160 non
1148 1131 1253 1172 opus
1294 1122 1369 1158 est.
1431 1117 1512 1158 Ge-

34 1200 171 1236 terum
203 1207 430 1248 coquorum
460 1195 697 1235 Eliacorum
729 1206 916 1246 magnam
948 1192 1114 1232 landem
1143 1190 1275 1230 fuisse
1304 1188 1513 1241 intellegi-

35 1270 103 1306 tur
133 1267 256 1306 etiam
288 1279 338 1305 ex
365 1265 612 1318 Antiphanie
644 1265 810 1317 Fragm.
841 1264 920 1304 inc.
951 1262 1024 1303 Xl.
1082 1287 1138 1294 —-
1189 1261 1261 1302 Vs.
1292 1259 1319 1299 5
1347 1254 1515 1307 ἠνθισ-

31 1334 143 1387 μένα
184 1337 422 1389 variegata.
494 1334 694 1375 Similiter
725 1333 942 1374 Philemon
973 1333 1098 1373 Milit.
1129 1345 1188 1372 vs.
1219 1332 1246 1370 6
1284 1330 1336 1371 de
1374 1330 1513 1383 pisce:

33 1400 136 1446 οὐδ’
154 1400 334 1445 ἄνωθεν
362 1402 698 1458 ἐξηνθισμένον.
730 1404 960 1457 Sophocles
976 1404 1042 1446 El.
1067 1403 1150 1444 43:
1181 1395 1279 1442 οὐδ’
1297 1394 1513 1441 ὑποπτεύ-

32 1488 187 1517 σουσιν
213 1466 302 1515 οἷδ’
333 1470 626 1528 ἠνθισμένον.

536 1639 990 1684 ΧΟΡΟΣ.

211 1754 374 1804 Τελέως
400 1750 452 1810 μ’
485 1752 690 1805 ὑπῆλθεν
717 1752 746 1807 ἡ
775 1751 1023 1812 κατάρατος
1051 1749 1324 1809 μαστροπός,

198 1836 481 1895 ἐπομνύουσα
510 1837 594 1880 τὰν
623 1838 795 1898 Κόραν,
827 1838 908 1881 τὰν
930 1836 1163 1895 ”Αρτεμιν,

197 1923 279 1966 τὰν
313 1924 648 1982 (Ιὶερσέφατταν,
679 1921 738 1976 αἷς
768 1922 972 1981 δάμαλις,
1000 1921 1059 1974 ὥς
1090 1922 1332 1980 παρθένος,

195 2008 254 2061 ὥς
282 2010 424 2060 πῶλος
453 2007 617 2067 ἀδμής·
650 2007 676 2062 ἡ
709 2008 760 2052 δ’
791 2007 867 2067 ἄρ’
901 2001 957 2063 ἧν
984 2008 1173 2067 μυωνία.

142 2127 344 2168 Aelianus
373 2127 428 2169 H.
458 2129 507 2169 A.
539 2127 620 2168 Xll
661 2127 716 2167 10
757 2127 811 2167 de
850 2127 1030 2168 murium
1071 2125 1244 2166 libidine
1284 2123 1517 2164 disserens:

32 2194 107 2236 καὶ
135 2192 269 2237 πάλιν
298 2193 420 2252 παρὰ
446 2191 703 2252 Ἐπικράτει
730 2195 778 2237 ἐν
807 2194 866 2253 τῷ
893 2194 1026 2253 Χορῷ
1057 2193 1227 2250 (δρᾶμα
1259 2192 1307 2234 δέ
1336 2191 1429 2233 ἐστι
1458 2187 1520 2247 τῷ

31 2262 283 2322 Ἐπικράτει
313 2265 488 2320 rotho)-
524 2266 688 2316 Τελέως
716 2266 807 2309 κτλ.
866 2252 941 2311 νε.
971 2269 993 2308 1
1027 2269 1181 2322 legitur
1210 2266 1335 2319 vulgo
1366 2261 1519 2319 τελέως

30 2333 90 2376 ’δ’
118 2331 224 2391 ὕμιν
252 2334 472 2388 ὑπῆλθεν.
530 2340 612 2381 Pro
644 2336 695 2379 δ’
724 2332 829 2393 ὕμιν
858 2340 956 2380 libri
985 2339 1079 2379 fere
1109 2334 1252 2390 δεῦμε,
1284 2334 1440 2387 δευμε,
1470 2331 1516 2373 δ·

37 2395 161 2458 ὗῦμδ,
192 2405 263 2448 δέἴ
285 2422 339 2462 με
369 2414 413 2450 et
441 2407 488 2449 δέ
516 2423 585 2463 με,
614 2424 720 2452 uuus
750 2408 854 2464 δῦμ.
915 2411 1161 2453 Dubitanter
1191 2407 1338 2460 scripsi
1368 2402 1521 2452 τελέως

39 2472 93 2528 μ’
123 2471 343 2529 ὑπῆλθεν,
366 2480 498 2535 plane
540 2496 606 2521 me
638 2483 805 2534 fefellit
845 2482 1023 2533 scelesta
1063 2481 1180 2529 lena,
1226 2480 1374 2518 iurans
1409 2477 1521 2517 inte—

42 2558 163 2599 gram
204 2554 247 2589 et
286 2552 496 2591 intactam
537 2552 656 2593 illam
695 2566 784 2592 esse
817 2534 1029 2606 puellam*
1093 2552 1184 2591 Nec
1226 2552 1363 2589 tamen
1404 2548 1521 2587 locus

46 2622 287 2668 persuetus
325 2626 402 2661 est.
460 2622 671 2664 Gesnerus
709 2620 828 2670 τέλος
874 2618 922 2661 δ’
957 2618 1176 2671 ὑπῆλθεν.
1242 2619 1429 2672 Toupius
1469 2617 1522 2657 ad

48 2685 216 2728 Sum-*I
243 2699 285 2739 p.
313 2689 421 2730 1032
448 2691 570 2740 τέλος
599 2688 650 2732 δ’
683 2688 862 2743 ὑπῆλθέ
893 2688 961 2746 μ’.
1022 2692 1143 2746 Quod
1171 2690 1349 2732 sortasse
1377 2699 1523 2728 verum

46 2759 122 2796 est.
181 2755 264 2796 Pro
293 2755 446 2808 τελέως
471 2763 568 2806 libri
592 2763 686 2806 fere
715 2761 900 2812 τελείως.
959 2789 1014 2797 -
1074 2763 1147 2806 Vs.
1178 2764 1205 2802 2
1237 2758 1321 2799 τὰν
1351 2753 1524 2812 Κόραν·

99 2833 270 2869 Comoed.
295 2837 387 2872 med.
1203 2831 1260 2870 24
