1702 3158
273 166 358 209 518
686 196 689 198 v
861 164 1118 209 Anfflssms

280 279 388 332 quod
416 278 633 320 scholiasta
660 277 942 330 Aristophanis
960 279 1134 319 Acharn.
1152 277 1234 319 112
1261 278 1422 321 scribit:
1451 277 1605 334 Σαρδώ
1639 279 1702 333 νῆ’.

281 342 357 396 σός
384 345 474 387 ἐστι
505 345 606 386 τῶν
640 342 796 396 ἑπτά,
832 344 1036 394 σταδίους
1065 341 1267 398 ἑξήκοντα
1301 343 1472 401 Κύρνου
1500 348 1702 402 διέχουσα.

276 418 453 459 Easdem
499 430 597 469 quas
647 418 784 458 Alexis
831 423 990 470 septem
1036 418 1187 457 insulas
1243 423 1453 458 enumerat
1503 418 1702 462 Timaeus

274 486 482 527 Rhodium
511 491 704 537 sequutus
732 487 876 526 Strabo
907 488 1003 528 XlV
1032 501 1070 539 p.
1100 488 1193 526 606.
1224 487 1368 538 Scylax
1399 501 1437 539 p.
1469 488 1521 527 12
1551 493 1593 527 et
1624 487 1702 530 Ari-

276 556 444 595 stoteles
475 555 525 593 de
556 555 705 595 mundo
737 568 822 609 cap.
853 558 894 605 7,
924 557 1037 596 cuius
1066 556 1200 595 locum
1230 557 1298 607 qui
1327 557 1367 596 in
1398 557 1572 608 Eclogas
1601 558 1702 610 phys⁴

277 623 296 663 1
325 624 379 663 42
418 624 575 663 rettulit
604 624 803 664 Iohannes
833 625 1054 672 Stobaeus‚
1096 627 1277 664 octavam
1316 625 1427 664 addit
1458 626 1702 677 Peloponne-

275 703 394 740 sum,
419 705 536 744 quam
566 698 862 732 commemorat·
885 694 1004 733 etiam
1036 693 1293 734 Ptolemaeus
1321 695 1427 747 apud
1458 694 1702 742 Eustathiun

274 761 301 801 l.
334 762 370 801 1.-
394 767 434 801 et
464 762 610 802 omissa
641 763 803 802 Corsica
821 763 1045 815 Appuleius
1074 762 1110 801 11
1140 776 1180 815 p.
1201 764 1283 802 123
1312 763 1553 804 ed.A1tenb.
1612 764 1702 804 Octt

273 826 496 884 ἐξαιρέτως
524 825 609 868 ὑπὸ
638 829 723 868 τῶν
749 827 970 879 Ἑλλήνων
997 826 1316 883 ὀνομαζομένας
1343 827 1531 883 μεγάλας
1558 826 1702 880 νήσους

271 905 460 939 recenset
500 900 707 951 Appianus
745 901 879 940 Praef.
924 901 1130 943 Historiae
1169 902 1288 941 Rom.
1319 901 1375 942 V1
1405 914 1446 952 p.
1475 903 1519 949 6,-
1556 899 1702 951 addim

271 981 390 1020 quam
421 973 650 1008 ceterorum
679 981 798 1008 nemo
827 975 1129 1018 commemorat,
1160 969 1324 1010 Rhodo.
1381 970 1572 1009 Ceterum
1602 983 1661 1011 vs.
1688 970 1702 1009 1

270 1037 506 1076 Eustathius
535 1031 691 1087 ἔδειξεν
719 1049 793 1089 pro
823 1035 1033 1088 δέδειχεν,
1072 1050 1129 1077 vs.
1159 1038 1186 1076 3
1214 1031 1360 1089 πρώτη
1391 1050 1464 1090 pro
1493 1034 1633 1087 ἐστίν,
1670 1044 1702 1078 el

271 1117 331 1146 vs.
361 1106 387 1145 6
416 1099 595 1158 ἑβδόμη.
917 1159 1054 1200 XXXI

442 1238 530 1290 Τὰς
558 1238 717 1292 ἡδονὰς
747 1239 816 1281 δεῖ
838 1239 1056 1295 συλλέγειν
1082 1237 1161 1280 τὸν
1189 1235 1410 1296 σώφρονα.

437 1325 549 1380 τρεῖς
576 1322 624 1364 δ’
656 1319 767 1365 εἰσὶν
796 1317 891 1376 αἵγε
920 1320 1001 1374 τὴν
1030 1319 1218 1378 δύναμιν
1244 1322 1496 1378 κεκτημέναι

432 1405 512 1458 τὴν
540 1403 594 1457 ὡς
621 1403 802 1458 ἀληθῶς
831 1404 1123 1447 συντελοῦσαν
1149 1406 1208 1463 τῷ
1235 1404 1331 1464 βίῳ,

430 1488 482 1535 τὸ
511 1493 638 1540 πιεῖν,
665 1486 715 1531 τὸ
745 1489 914 1545 φαγεῖν,
942 1487 992 1530 τὸ
1021 1487 1097 1540 τῆς
1121 1485 1393 1546 Ἀφροδιτης
1422 1482 1690 1548 τυγχάνειν.

434 1571 491 1614 τὰ
518 1570 568 1613 δ’
600 1570 711 1614 α’λλα
741 1571 1000 1630 προσθήκας
1029 1566 1206 1614 ἅπαντα
1232 1569 1312 1628 χρὴ
1341 1570 1500 1613 καλεῖν.

383 1657 628 1700 Plutarchus
659 1659 711 1699 de
739 1660 952 1701 audiendis
980 1658 1112 1711 poetis
1141 1671 1181 1710 p.
1210 1658 1260 1697 21
1278 1657 1329 1698 ἀι
1361 1646 1456 1696 οἷον
1483 1650 1562 1694 τοῦ
1583 1649 1702 1696 Ἀλό-

268 1723 386 1776 ξιδος
425 1726 647 1776 κινοῦντος
681 1726 818 1775 ἐνίους
859 1721 967 1767 ὅταν
1006 1724 1106 1781 λέγῃ
1141 1723 1227 1772 Τὰς
1255 1721 1414 1774 ἡδονὰς
1441 1749 1496 1756 -
1519 1718 1600 1777 χρὴ
1629 1735 1702 1762 κα-

265 1794 377 1846 λεῖν,
407 1792 727 1850 ὑπομνηστέον,
768 1791 839 1836 ὅτι
866 1791 1099 1849 Σωκράτης
1123 1789 1378 1833 τούναντίον
1409 1789 1533 1844 ἔλεγε,
1597 1792 1702 1835 Idem

265 1866 319 1906 de
346 1867 439 1907 virt.
468 1880 570 1909 mor.
601 1880 641 1919 p.
671 1866 754 1908 445
767 1866 798 1908 f.
834 1867 936 1907 duos
966 1869 1193 1917 postremos
1222 1876 1363 1904 versus
1393 1863 1542 1904 omisso
1570 1864 1702 1902 aucto-

261 1935 321 1975 ris
356 1936 520 1975 nomine
556 1935 689 1977 affert.
758 1934 818 1974 lbi
857 1947 916 1974 vs.
945 1934 972 1974 4
1008 1932 1196 1974 scribitur
1225 1927 1275 1971 τὸ
1306 1931 1475 1984 φαγεῖν,
1504 1925 1554 1969 τὸ
1583 1927 1702 1980 πιεῖν,

216 2048 218 2050 ,
264 2006 308 2045 et
334 2016 394 2047 vs.
422 2004 450 2045 5
478 1995 639 2043 ἅπαντ’
671 1999 747 2055 ἐγώ
780 2000 908 2044 καλῶ.

902 2083 1074 2126 xxxu.

372 2170 565 2211 Pseudo-
577 2170 819 2211 Plutarchus
848 2168 900 2208 de
930 2167 1087 2209 nobilit.
1115 2179 1156 2242 p.
1184 2159 1330 2206 618ι.
1359 2159 1402 2204 τί
1429 2175 1508 2203 ουν
1532 2156 1702 2213 ’Augu

261 2235 336 2285 δος
373 2233 699 2290 ἀναιδέστερον,
738 2232 786 2285 ὃς
822 2235 897 2286 τῆς
927 2232 1190 2288 στρατηγίας
1216 2230 1297 2282 τὴν
1324 2228 1532 2286 γεωργίαν
1558 2243 1702 2286 neon*

259 2304 354 2360 μῶν
391 2302 469 2346 οὐκ
497 2305 543 2345 εν
572 2303 629 2362 νῷ
658 2296 768 2358 εἶχεν
795 2298 905 2347 ὅσον
934 2302 1011 2344 τοῦ
1050 2315 1135 2343 των
1164 2300 1427 2356 κεκτημένων
1463 2297 1514 2343 τὸ
1544 2298 1701 2343 §ovam-

256 2372 375 2419 τικὸν
403 2374 580 2432 πρᾶγμα
611 2370 926 2442 διαφερόμενον
954 2369 1146 2427 ὑπάρχει.

888 2465 1081 2508 ΧΧΧΙΠ.

441 2536 506 2586 Ω
539 2543 737 2586 δέσποθ’
770 2542 948 2598 ὑγίαιν’.
1005 2559 1062 2593 ως
1085 2538 1257 2600 χρόνιος
1285 2520 1522 2599 ἐληλυθας.

365 2630 568 2670 Lucianus
604 2643 677 2682 pro
715 2631 829 2683 lapsu
867 2631 909 2670 in
941 2629 1154 2670 salutando
1184 2640 1224 2680 p.
1253 2627 1364 2667 732.
1407 2623 1518 2664 πολὺ
1561 2619 1613 2664 δ’
1643 2610 1702 2666 ἃ*

253 2710 325 2736 και
354 2695 399 2736 ἐν
427 2697 645 2754 τραγωδία
661 2712 735 2738 και
764 2697 810 2739 ἐν
838 2697 890 2756 τῆ
918 2694 1076 2752 ἀρχαία
1093 2692 1297 2751 κωμωδία
1315 2687 1454 2750 εὕροις
1481 2691 1530 2734 τὸ
1561 2687 1701 2746 &roal-33*
