1702 3158
452 126 543 171 ΑΣ
541 124 584 170 Ω
595 119 1091 169 ΊὌΔΙΔΑΣΚΑΛΟΣ.
1425 124 1512 169 m

260 239 459 299 τύρβαζε,
491 239 646 293 Μανῆ.
701 235 891 295 γαστρὸς
916 235 1044 280 οὐδὲν
1072 231 1216 291 ἥδιον.

261 323 374 380 αὕτη
404 324 548 384 πατήρ
578 337 649 370 σοι
677 326 751 368 καὶ
781 320 916 367 πάλιν
940 319 1087 380 μήτηρ
1114 320 1246 380 μόνη.

261 411 416 470 ἀρεταὶ
448 410 493 455 δὲ
523 406 752 469 πρεσβεῖαί
781 426 826 453 τε
856 410 931 452 καὶ
963 407 1226 466 στρατηγίαι

259 497 423 555 κόμποι
450 500 566 542 κενοὶ
596 496 826 556 ψοφοῦσιν
853 491 955 536 ἀντ’
990 492 1239 552 ὀνειράτων.

179 590 234 630 10
261 581 390 642 ψύξει
418 599 466 627 σε
497 582 669 639 δαίμων
697 582 756 642 τῷ
786 581 1052 639 πεπρωμένῳ
1076 578 1246 640 χρόνῳ·

264 670 370 724 ἔξεις
397 667 447 712 δ’
478 662 550 713 Ha*
582 666 638 712 ἂν
666 666 811 727 φάγῃς
841 682 884 710 τε
913 668 990 710 καὶ
1019 659 1289 726 πίῃςμόνα·

262 755 428 806 σποδὸς
458 755 504 797 δὲ
533 753 688 808 τᾶλλα,
718 753 972 810 Περικλέης,
1004 747 1194 807 Κόδρος,
1225 752 1400 810 Κίμων.

143 898 383 940 Athenaeus
413 898 516 942 VIII
545 911 586 952 p.
617 895 764 938 336d:
799 890 980 947 ”Αλεξις
1021 889 1070 934 δ’
1110 891 1157 934 ἐν
1194 889 1512 938 Ἀσωτοδιδα-

32 963 203 1026 σκάλῳ,
233 969 346 1025 φησὶ
375 965 557 1010 Σωτίων
586 963 610 1008 ὁ
638 960 958 1023 Ἀλεξανδρεύς
987 963 1034 1005 ἐν
1062 964 1152 1014 τοῖς
1182 965 1280 1021 περὶ
1310 963 1398 1008 τῶν
1432 965 1512 1010 Τί-

31 1053 176 1096 μωνος
205 1038 398 1081 Σίλλων·
436 1036 515 1093 ἐγώ
556 1035 639 1093 γὰρ
669 1033 748 1078 οὐκ
777 1033 1014 1088 ἀπήντησα
1051 1031 1111 1094 τῷ
1151 1032 1369 1092 δράματι·
1400 1066 1454 1072 —-
1483 1034 1508 1080 ὁ

37 1108 84 1152 δὲ
102 1107 286 1152 Σωτίων
314 1111 455 1167 φησὶν
483 1108 529 1151 ἐν
558 1108 617 1167 τῷ
646 1104 839 1163 δράματι
857 1102 1069 1150 Ξανθίαν
1097 1102 1199 1149 τινὰ
1229 1102 1401 1160 οἰκέτην
1428 1120 1512 1151 πε-

34 1182 260 1234 ποιῆσθαι
291 1178 642 1239 προτρεπόμενον
681 1178 753 1221 ἐπὶ
790 1175 1080 1231 ἡδυπάθειαν
1107 1176 1378 1234 ὁμοδούλους
1406 1179 1511 1224 ἑαυ-

33 1251 113 1294 τοῦ
141 1252 215 1295 καὶ
244 1247 426 1307 λέγοντα
461 1251 517 1294 Τί
542 1250 684 1292 ταῦτα
714 1250 856 1307 ληρεῖς
886 1249 978 1293 κτλ.
1042 1253 1138 1294 Non
1179 1253 1364 1295 Alexidis
1404 1255 1511 1298 haec

35 1339 126 1367 esse
170 1326 445 1366 certissimum
492 1328 568 1365 est.
651 1324 734 1376 Ipsi
788 1323 948 1365 Sotioni
998 1328 1166 1377 praeter
1216 1325 1509 1369 Marklandum

30 1396 216 1437 tribuunt
247 1397 460 1437 Dobraeus
490 1396 595 1438 Adv.
627 1395 666 1436 II
696 1409 736 1449 p.
766 1395 852 1436 317
883 1400 926 1435 et
956 1395 1168 1436 Porsonus
1198 1397 1307 1448 apud
1339 1398 1509 1452 Walpo·

30 1467 132 1508 Iium
163 1468 279 1508 Com.
310 1480 372 1520 gr.
401 1480 443 1519 p.
472 1468 543 1516 88,
588 1466 707 1508 cuius
747 1467 1013 1507 coniecturae
1051 1467 1093 1507 in
1126 1466 1331 1508 Athenaei
1371 1471 1508 1512 verbis

32 1539 91 1580 nil
130 1537 342 1592 praesidii.
402 1537 476 1578 Cfr
505 1537 615 1577 nist.
647 1538 739 1578 crit.
770 1551 811 1590 p.
840 1538 939 1579 397.
1006 1537 1194 1578 SimiIem
1237 1551 1403 1581 scenam
1439 1555 1508 1583 re-

33 1613 369 1663 praesentaverat
386 1608 548 1648 mediae
578 1609 643 1648 vel
673 1621 804 1649 novae
835 1607 1075 1648 comoediae
1098 1614 1234 1661 poeta,
1265 1623 1347 1663 quo
1379 1613 1508 1654 utitur

33 1680 280 1720 Plutarchus
311 1680 404 1720 Non
434 1692 547 1720 suav.
577 1679 656 1719 vivi
685 1692 770 1720 sec.
801 1680 919 1733 Epic.
951 1693 991 1732 p.
1026 1679 1138 1719 1098
1155 1679 1202 1719 b:
1239 1680 1320 1720 ’καὶ
1350 1680 1434 1737 γάρ
1464 1681 1509 1724 οἱ

22 1745 301 1810 ,θεράποντες
331 1741 441 1789 ὅταν
472 1743 644 1804 Κρόνια
674 1747 909 1790 δειπνῶσιν
938 1743 967 1800 ἢ
996 1744 1209 1789 Διονύσια
1238 1747 1342 1791 κατ’
1372 1748 1510 1807 ἀγρὸν

29 1816 168 1874 ἄγωσι
198 1816 456 1875 περιϊόντες,
497 1815 575 1860 οὐκ
604 1815 660 1859 ἂν
689 1816 836 1860 αὐτῶν
865 1818 943 1860 τὸν
972 1816 1220 1876 ὀλολυγμὸν
1251 1818 1509 1875 ὑπομείναις

32 1892 103 1934 καὶ
134 1889 212 1932 τὸν
242 1887 469 1947 θόρυβον,
501 1886 585 1931 ὑπὸ
612 1889 841 1945 χαρμονῆς
870 1891 946 1931 καὶ
975 1887 1287 1947 ἀπειροκαλίας
1318 1894 1505 1938 τοιαῦτα

33 1959 276 2006 ποιούντων
304 1962 380 2003 καὶ
409 1962 732 2016 φθεγγομένων

259 2031 314 2074 Τί
342 2033 417 2074 καὶ
445 2029 573 2091 κάθῃ
604 2037 665 2087 *);
697 2030 886 2088 πίωμεν·
917 2032 970 2076 οὐ
998 2034 1073 2075 καὶ
1103 2030 1225 2075 σιτία

254 2100 487 2160 πάρεστιν,·
514 2094 546 2143 ὦ
581 2100 782 2156 δύστηνε,
812 2103 873 2159 μὴ
906 2103 1055 2163 σαυτῷ
1085 2102 1254 2160 φθόνει
1284 2104 1375 2148 κτλ,

32 2175 102 2218 vs.
120 2177 146 2216 2
176 2181 271 2218 ante
302 2177 561 2218 Dindorfium
589 2172 887 2230 Ἀκαδημίαν.
948 2178 1104 2218 Ibidem
1131 2171 1338 2217 Ὠιδείου
1368 2172 1510 2227 πύλας

33 2248 140 2288 ABG
182 2254 225 2288 et
263 2248 372 2290 MSS
412 2249 658 2290 casauboni.
715 2243 872 2289 αἰδεῖον
908 2244 1048 2296 πύλας
1080 2249 1201 2290 PVL.
1263 2250 1371 2290 Odei
1410 2263 1508 2303 pur-

33 2321 94 2359 tas
142 2319 280 2360 dicere
323 2320 486 2361 videtur
528 2321 732 2374 porticum
776 2321 894 2370 Odei,
940 2333 1061 2372 quam
1103 2319 1378 2372 philosophos
1421 2319 1508 2361 fre-

33 2395 250 2441 quentasse
279 2392 493 2444 probabile
524 2396 599 2431 est.
650 2391 694 2432 Si
725 2397 840 2432 recte
869 2392 995 2431 habet
1021 2385 1244 2440 Ὠιδεῖον,
1274 2386 1426 2431 Πύλαι
1456 2393 1509 2434 de

33 2458 273 2513 PropyiaeIs
297 2462 630 2516 intelligendum.
662 2463 709 2505 V.
727 2461 1012 2504 Wordsworth
1047 2463 1140 2502 ltin.
1161 2464 1244 2502 Att.
1263 2475 1303 2515 p.
1323 2463 1418 2504 113.
1453 2490 1507 2496 —

35 2528 109 2570 Vs.
138 2531 165 2571 4
208 2528 374 2586 πίωμεν
403 2534 453 2575 C.
510 2533 667 2575 Ibidem
708 2530 972 2587 ἐμπίνωμεν,
1006 2521 1040 2572 ὦ
1072 2534 1506 2587 Schweighaeuserus.

132 2673 162 2714 ”)
187 2675 237 2708 Ita
260 2677 377 2723 scripsi
401 2691 466 2726 pro
490 2681 584 2715 edito
608 2683 644 2715 τί
667 2681 788 2729 wion,-
812 2685 870 2718 καὶ
895 2685 1039 2727 πίωμεν.
1088 2682 1198 2717 Aiiter
1211 2682 1382 2725 Beigkius
1397 2682 1508 2715 Com-

41 2737 149 2769 ment.
175 2746 208 2780 p.
236 2736 312 2771 194.
