1702 3158
525 143 1044 204 ΣψιΓΓοΚΑΡΙΩΝ.
1441 162 1526 205 2³57

52 281 176 338 plane
203 279 262 322 ita
291 278 412 320 Plato
442 276 609 332 Protag.
638 289 679 332 p.
710 277 794 318 338
811 289 847 318 a.
884 276 937 317 de
967 287 1017 316 eo
1048 273 1119 328 qul
1148 277 1298 316 nautae
1327 274 1458 316 instar
1486 276 1529 318 in

41 343 180 394 'altum
217 362 454 392 sermonum
494 362 608 390 mare
638 352 807 389 evectus
839 351 923 388 est:
965 340 1141 401 φεύγειν
1169 340 1232 393 εἰς
1260 343 1310 384 τό
1341 344 1530 399 πέλαγος

50 419 138 463 τῶν
168 416 312 474 λόγων
343 414 764 473 ἀποκρύψαντα
795 416 908 470 γῆν.
966 442 1022 451 ——
1068 418 1140 460 Vs.
1171 418 1226 458 22
1257 411 1528 469 φυσώμενος.

52 495 163 547 Apte
186 496 425 546 comparant
441 489 658 543 Sophoclis
676 502 838 531 versum
856 491 1021 542 Fragm.
1038 488 1122 528 748
1151 483 1307 541 γραίας
1324 483 1531 538 ἀκάνθης

52 560 232 612 πάππος
274 559 333 611 ὦς
370 556 640 617 φυσώμενος.
698 587 754 594 —-
812 561 884 603 Vs.
915 561 971 601 24
1010 555 1171 613 διαπρὸ
1201 559 1435 600 Lobeckius
1475 560 1530 601 ad

52 635 209 689 Phryn.
240 648 284 688 p.
313 634 410 675 614.
468 627 710 687 διάτρωτον
739 632 896 681 ABCP,
928 630 1191 672 membranae
1221 631 1457 672 casauboni
1487 635 1530 672 et

54 707 154 760 epit.
185 704 442 746 Hoeschelii.
481 698 651 757 ὂιάτρες
680 703 767 746 VL.
796 702 1058 755 Dindoffim.
1097 728 1153 736 -—
1194 702 1269 744 Vs.
1299 700 1354 742 25
1383 698 1532 741 τίκτον

52 777 152 830 epit.
181 774 438 816 Hoeschelii.
469 769 628 813 τίκτειν
649 774 771 815 PVL.
800 768 934 811 τίκτει
961 772 1395 825 Schweighaeuserus.
1426 772 1532 813 lbid.

51 841 196 898 πηγήν
225 845 273 886 Ρ.
319 845 422 885 lbid.
455 839 523 882 ἕν’
552 845 586 885 C
616 848 658 883 et
688 843 786 895 epit.
817 842 1001 883 Hoesch.
1045 836 1095 880 ἓν
1126 843 1247 884 PVL.
1278 866 1334 875 ---
1363 843 1436 884 Vs,
1470 843 1528 883 26

48 913 206 971 μοίρας
234 916 319 958 Ac,
359 915 500 956 Ceteri
528 913 621 955 fere
650 912 826 967 μοῖραν.
869 938 923 945 —-
969 913 1042 954 Vs.
1073 913 1130 952 27
1158 909 1298 951 καλέω
1327 908 1375 950 δὲ
1406 913 1529 955 ΑΒΡ.

49 985 254 1030 καλέουσι
283 986 371 1027 VL.
427 986 624 1026 Ceterum
654 984 735 1025 hoc
766 987 975 1036 postremo
1006 983 1241 1036 aenigmate
1271 984 1528 1024 instrumen-

50 1065 139 1100 tum
165 1057 374 1099 sortiendi
403 1056 575 1096 indicari
604 1056 695 1108 ipse
726 1054 824 1094 dicit
855 1054 1110 1103 Athenaeus,
1141 1058 1236 1106 post
1266 1067 1324 1094 vs.
1339 1053 1395 1094 25
1425 1054 1532 1096 haec

50 1130 228 1171 addens:
272 1124 415 1166 ταῦτα
456 1121 504 1165 δ’
537 1118 608 1165 ὅτι
646 1120 913 1178 κληρωτικὸν
954 1120 1162 1175 σημαίνει
1200 1118 1321 1177 ὑμεῖς
1362 1120 1530 1178 διακρί-

51 1211 168 1247 νατε,
196 1191 273 1236 ἵνα
301 1193 362 1250 μὴ
393 1192 692 1250 πάνταχπαρίι
723 1194 800 1235 τοῦ
829 1190 1064 1247 Εὐβούλου
1093 1189 1404 1247 λαμβάνωμεν.
1436 1196 1531 1237 Sin-

51 1271 148 1325 gula
185 1282 264 1322 quo
306 1272 494 1321 spectent
529 1269 696 1321 copiosa
742 1268 1007 1306 annotatione
1057 1266 1198 1306 docuit
1239 1266 1532 1307 Casaubonus:

50 1343 271 1394 supersunt
313 1343 450 1379 tamen
487 1338 708 1387 nonnulla,
747 1349 922 1389 quorum
962 1335 1144 1376 difficilis
1187 1340 1252 1378 est
1291 1336 1532 1389 explicatus,

51 1423 102 1452 ex
139 1422 220 1463 quo
257 1422 412 1463 genere
450 1406 686 1462 postremus
725 1420 868 1448 versus
908 1411 993 1457 est,
1034 1420 1158 1460 quem
1197 1406 1264 1449 vel
1308 1406 1534 1448 emendare

51 1481 117 1523 vel
144 1480 408 1534 interpretari
438 1480 568 1521 critici
598 1480 754 1521 frustra
783 1479 922 1519 conati
950 1484 1062 1520 sunt.

767 1626 821 1666 11,

106 1733 188 1780 Ἐν
216 1733 416 1794 θαλάμῳ
445 1735 653 1791 μαλακαῖς
682 1732 1010 1790 κατακείμενον.
1040 1732 1086 1774 ἐν
1116 1732 1162 1774 δὲ
1186 1729 1327 1791 κύκλῳ
1356 1745 1427 1774 νιν

109 1822 382 1880 παρθενικαὶ
410 1821 625 1879 τρυφεραὶ
649 1820 857 1877 χλανίσιν
884 1819 1106 1875 μαλακαῖς
1133 1816 1452 1875 κατάθρυπτοι

109 1906 191 1951 τόν
214 1904 321 1952 πόδ’
353 1903 656 1964 ἆμαρικίνοισι
684 1905 841 1964 μύροις
870 1902 1084 1964 τρίψουσι
1112 1902 1192 1945 τὸν
1221 1899 1344 1959 ἐμόν.
1369 1924 1376 1927 “

165 2046 406 2088 Athenaeus
444 2047 526 2087 ΧΠ
567 2060 610 2100 p.
638 2045 785 2087 553a:
841 2041 952 2093 ἔθος
996 2038 1045 2083 δ’
1087 2031 1144 2093 ἦν
1183 2036 1423 2092 Ἀθήνησι
1463 2037 1542 2080 καὶ

58 2109 158 2162 τοὺς
185 2111 324 2164 πόδας
353 2114 441 2155 τῶν
470 2111 737 2171 τρυφώντων
765 2111 1012 2169 ἐναλείφειν
1041 2107 1195 2168 μύροις
1225 2139 1281 2147 —
1313 2108 1540 2166 Εὔβουλος

59 2179 106 2224 δ’
135 2182 182 2225 ἐν
208 2184 566 2242 Σφιγγοκαρίωνι
589 2182 671 2227 'Ev
700 2182 898 2242 θαλάμῳ
926 2184 1018 2227 κτλ.
1086 2186 1160 2227 Vs.
1191 2185 1214 2224 1
1259 2189 1356 2238 post
1396 2195 1541 2223 κατα-

57 2249 251 2307 κείμενον
267 2256 732 2312 Dindorfius'punctum
762 2258 940 2299 sustulit.
1000 2257 1111 2297 Tum
1140 2252 1187 2293 ἐν
1218 2252 1264 2293 δὲ
1294 2249 1436 2308 κύκλῳ
1467 2262 1539 2291 νιν

61 2324 263 2367 dederunt
277 2329 362 2370 ΑΡ.
392 2325 438 2368 ἓν
467 2327 514 2369 δὲ
543 2325 755 2369 κύκλωνιν
773 2330 860 2372 VL.
892 2355 947 2361 —
982 2328 1052 2369 Vs.
1070 2328 1096 2366 2
1128 2325 1252 2378 vulgo
1283 2318 1541 2379 παρθενικοὶ

61 2393 253 2450 τρυφερὰ
287 2394 496 2451 χλανίδια
532 2395 726 2453 μαλακά.
785 2400 976 2441 Correxit
1018 2397 1241 2439 Iacobsius.
1310 2396 1393 2436 Pro
1431 2392 1543 2448 χλα-

61 2460 180 2504 νὶδια
207 2467 276 2530 AB
305 2468 460 2511 habent
486 2467 747 2523 χλανίδανα.
807 2471 840 2510 Ρ
867 2464 1116 2524 χλανίόινα.
1189 2466 1310 2519 Quod
1349 2466 1541 2518 sequitur

64 2529 369 2591 κατάθρυπτοι
396 2554 446 2581 ex
462 2542 530 2583 AB
556 2546 771 2595 receptum
803 2546 866 2582 est
898 2553 973 2594 pro
1004 2532 1307 2589 κατάθρυπτε.
1334 2561 1390 2567 —-
1422 2536 1494 2577 Vs.
1511 2535 1538 2574 3

0 2634 2 2639 ·
65 2596 216 2658 μύροις
242 2619 318 2660 pro
347 2603 523 2663 μύροισι
553 2612 777 2653 Iacobsius.
845 2611 1003 2651 Ibidem
1050 2621 1125 2662 pro
1158 2603 1264 2660 ἐμὸν
1294 2606 1377 2647 Th.
1405 2606 1539 2658 Berg-

67 2673 160 2714 kius
186 2677 365 2728 tentabat
391 2673 543 2731 αἰνόν,
584 2685 717 2723 totum
755 2681 951 2736 griphum
982 2680 1035 2719 de
1066 2679 1301 2720 Callistrato
1332 2678 1540 2729 interpre-

0 2743 3 2750 '
68 2746 194 2785 tatus.
253 2744 460 2792 hoohsius
489 2744 616 2804 ἀμόν,
646 2750 766 2805 quod·
786 2751 952 2805 recepit
982 2749 1234 2792 Dindorfius.

131 2822 298 2859 comoed.
321 2827 413 2861 med.
1197 2818 1255 2857 17
