1702 3158
484 164 726 209 ΕΓΚΛΕΙ
733 162 830 206 ΟΜ
831 160 994 206 ΕΝΑΙ.
1395 161 1482 206 587

6 284 145 329 λοῦσι.
186 281 368 340 Δίφιλος
396 279 501 324 ἄνευ
529 280 608 323 τοῦ
637 296 652 322 ι
681 278 887 337 γρυμέαν.
932 299 988 306 —-
1024 278 1096 322 Vs.
1129 277 1157 318 4
1188 273 1482 331 συκαμίνινον

8 360 290 403 Gasaubonus.
339 356 451 398 Libri
480 349 736 407 συκάμινον.
797 380 850 386 --
895 351 968 394 Vs·
997 351 1025 391 Ἰ
1055 343 1231 390 ἐλάδιον
1276 350 1486 392 casaubo-

10 444 87 472 nus
116 443 191 484 pro
221 425 381 468 ἔλαιον.
422 451 473 458 --
506 426 577 467 Vs.
610 426 664 465 10
693 416 767 464 ὁ’σ’
801 421 922 463 ἐστὶν
951 422 1133 463 Adamus
1163 434 1239 475 pro
1270 413 1320 470 ὅς
1349 419 1484 464 ἐστιν.

12 495 168 543 ibidem
208 495 289 539 ἀπ’
323 492 563 549 ὀβελίσκων
593 495 1012 549 Schweighaeuserus
1054 505 1128 546 pro
1169 493 1335 547 vulgato
1356 488 1489 532 ’ἄπο-

9 570 213 625 firman,
264 574 306 610 et
349 563 522 607 ὀπτανά
563 566 801 608 Dindorfius
848 578 923 619 pro
971 559 1161 604 ὄπτανα.
1238 562 1490 616 Hesychius,

8 637 125 683 'An'
156 635 388 694 ὀβελίσκου
430 632 589 693 ἰχθῦςε
636 634 1008 691 ἀναπεπαρμὲνοι.
1069 635 1264 686 „Nempe
1294 632 1491 685 quemad-

13 713 177 756 modum
215 708 272 751 τὰ
308 706 398 750 ἀπὸ
436 704 634 761 τηγάνου
674 710 868 750 dicuntur
909 720 1015 760 quae
1053 705 1096 746 in
1140 705 1349 758 sartagine
1386 703 1492 745 frixa

12 787 119 833 sunt,
155 783 214 825 VI
244 782 328 823 228
347 796 383 824 e.
426 783 527 825 Vll!
557 781 641 821 355
660 794 697 821 e.
738 784 780 821 et
809 780 928 820 alibi:
966 779 1026 820 sic
1061 772 1117 817 τὰ
1146 770 1229 816 ἀπ’
1264 770 1494 826 ὀβελίσκου

12 847 185 894 ὀπτανά
213 858 309 894 sunt
339 866 482 894 carnes
512 853 553 892 in
594 851 775 892 verubus
814 854 998 890 assatae:
1039 852 1183 888 contra
1215 859 1321 899 quae
1350 845 1494 899 prunis

13 924 205 979 imposita
243 928 476 972 torrentur,
515 918 570 961 τὰ
599 918 644 972 ἐξ
674 914 916 973 ἀνθράκων
945 919 1013 960 vel
1042 913 1125 957 ἀπ’
1155 912 1400 969 ἀνθράκων
1430 916 1494 957 di-

13 999 175 1038 cuntur.
248 994 324 1036 Cfr
355 994 415 1035 111
456 993 538 1033 110
554 1006 590 1034 a.
603 993 645 1033 b.
690 990 791 1034 VIII
828 990 911 1031 355
929 990 993 1031 e.”
1054 988 1494 1043 Schweighaeuserus.

13 1066 209 1107 Ceterum
240 1065 307 1105 hic
336 1076 480 1105 versus
510 1075 646 1115 neque
675 1075 768 1103 cum
786 1061 1132 1115 praecedentibus
1155 1073 1292 1114 neque
1321 1072 1415 1101 cum
1444 1058 1495 1099 iis

15 1149 120 1190 quae
138 1136 324 1190 proxime
354 1138 583 1187 sequuntur
613 1134 712 1174 satis
744 1135 952 1174 convenit.
995 1133 1139 1185 Itaque
1155 1132 1290 1185 primo
1325 1129 1496 1183 eclogae

15 1208 154 1248 versui
184 1219 276 1248 eum
309 1205 653 1259 praemittendum
684 1205 915 1257 suspicatus
946 1217 1060 1254 sum,
1101 1209 1147 1244 ut
1177 1204 1259 1243 hoc
1288 1202 1397 1242 dicat
1426 1213 1497 1242 co-

20 1290 149 1332 quus=
179 1278 429 1330 „Postquam
449 1289 592 1316 carnes
622 1276 665 1315 in
682 1287 781 1315 veru
799 1276 993 1316 assandas
1023 1286 1332 1329 apparaverunt,
1362 1272 1498 1326 pisces

20 1354 90 1390 aut
117 1349 159 1389 in
188 1348 392 1401 sartagine
421 1346 631 1387 frixendos
662 1350 732 1386 aut
749 1347 961 1387 elixandos
978 1345 1253 1400 comparavi.”
1281 1343 1499 1385 -Vs.12

19 1415 197 1466 ταύτας.
257 1419 318 1459 lta
348 1418 434 1459 VL.
466 1414 605 1457 ταῦτα
637 1417 757 1457 ABG.
790 1413 919 1456 ταῦτ’
955 1418 1001 1458 Ρ.
1035 1443 1089 1450 —-
1130 1418 1200 1458 Vs.
1235 1416 1288 1455 14
1316 1408 1500 1460 ταύταις

20 1504 98 1546 pro
127 1485 334 1529 ταύταισι
364 1490 644 1530 Hermannus.
684 1514 740 1520 ——
781 1489 852 1531 Vs.
886 1488 939 1530 15
969 1489 1064 1529 libri
1091 1483 1248 1540 ὤφθη.
1311 1486 1502 1527 Correxit

21 1561 253 1603 Dobraeus.
297 1585 351 1594 —-
396 1560 468 1602 vs.
500 1561 553 1600 16
581 1554 760 1607 ἁπαλῶς
792 1573 866 1613 pro
894 1554 1040 1607 ἁπλῶς
1071 1558 1324 1600 Dindorfius.
1386 1556 1501 1596 Idem

26 1644 136 1674 nunc
174 1632 295 1672 etiam
337 1631 550 1671 Dobraens
588 1631 691 1672 Adv.
735 1631 773 1671 11
811 1646 851 1685 p.
882 1631 966 1671 314
1007 1631 1059 1671 de
1099 1630 1280 1669 dictione
1321 1622 1502 1674 ἁπαλῶς

26 1698 176 1752 ὀπτᾶν,
205 1702 248 1743 h.
267 1716 303 1743 e.
320 1698 504 1757 μαλακῷ
532 1700 637 1755 πυρὶ
666 1696 825 1752 ὀπτᾶν,
855 1701 1034 1742 afferens
1052 1702 1203 1742 Athen.
1221 1699 1299 1741 Vll
1323 1713 1363 1751 p.
1381 1699 1464 1739 288
1479 1711 1503 1738 e

28 1776 72 1814 et
107 1771 340 1826 Schweigh.
382 1773 434 1813 ad
463 1786 504 1825 p.
535 1771 673 1813 3111).
743 1773 870 1813 Plura
908 1773 1001 1812 vide
1040 1772 1150 1825 apud
1181 1769 1502 1822 Wesselingium

30 1843 82 1884 ad
111 1843 336 1884 Diodorum
366 1843 450 1884 Sic.
481 1843 561 1883 vol.
593 1843 611 1883 1
641 1843 863 1896 p.192.-
897 1844 967 1886 Vs.
986 1844 1040 1883 18
1070 1837 1181 1894 μετὰ
1210 1835 1376 1887 ταύτας
1406 1834 1506 1878 τινὰ

25 1914 252 1957 Dobraens.
311 1914 446 1968 Vulgo
475 1909 584 1967 μετὰ
615 1909 743 1953 ταῦτ’
773 1910 905 1954 ἐστίν.
957 1916 992 1955 Α
1023 1910 1134 1966 μετὰ
1166 1907 1293 1952 ταῦτ’
1327 1923 1504 1953 αστινα.

23 1979 204 2041 Βταῦτ’
224 1980 397 2026 ἀστίνα.
431 1980 596 2032 ταύτας
625 1985 893 2026 referendum
924 1987 976 2027 ad
1007 1983 1171 2035 σηπίας
1202 1989 1245 2025 et
1272 1979 1504 2033 τευθίδας,

29 2055 84 2098 de
111 2055 256 2108 quibus
283 2056 326 2097 in
355 2057 701 2109 praecedentibus
733 2062 889 2111 egerat.
953 2081 1001 2086 —
1064 2058 1137 2100 Vs.
1173 2058 1229 2097 24
1266 2052 1409 2096 ταῦτα
1439 2054 1506 2095 vel

34 2120 180 2164 πάντα
209 2127 427 2180 supplebat
457 2128 739 2168 CasaubonuS.
772 2153 826 2159 —
857 2129 928 2171 Vs.
959 2129 1015 2169 25
1046 2127 1202 2181 πέμπω
1233 2126 1329 2174 ταῖς
1358 2124 1508 2179 καρῖσι

34 2191 116 2244 τὴν
146 2190 283 2245 αὐτὴν
311 2192 432 2248 ὁδόν,
460 2198 502 2238 h.
535 2211 571 2238 e.
603 2191 923 2250 ἀποτηγανίζω.
968 2199 1074 2240 Vide
1105 2212 1163 2239 vs.
1198 2200 1235 2238 1.
1266 2223 1320 2229 -
1355 2197 1423 2238 Vs.
1455 2197 1510 2236 26

35 2261 174 2319 ἀμίαν
208 2263 347 2320 χήραν
378 2269 404 2309 i.
436 2282 472 2309 e.
503 2270 780 2310 inconditam.
851 2270 1052 2310 Similiter
1081 2264 1282 2322 ὀρφανὸν
1309 2264 1512 2320 ταρίχιον

36 2338 146 2379 dixit.
181 2337 451 2380 Pherecrates
480 2340 644 2382 Autom.
677 2340 733 2382 IV
763 2341 803 2380 4.
874 2341 1071 2381 Ceterum
1110 2341 1241 2381 amiae
1273 2334 1514 2379 σκευασίαν

37 2408 228 2453 similiter
259 2409 453 2450 describit
484 2410 774 2451 Archestratus
805 2412 915 2467 apud
943 2412 1095 2453 Athen.
1128 2425 1168 2464 p.
1199 2411 1283 2451 278
1301 2423 1345 2451 c:

152 2475 197 2517 ἐν
227 2477 360 2529 συκῆς
391 2474 574 2532 φύλλοις
602 2479 678 2519 καὶ
707 2476 894 2537 ὀριγάνῳ
925 2477 977 2521 οὐ
1006 2476 1125 2534 μάλα
1156 2478 1311 2538 πολλῇ.

153 2544 212 2599 μὴ
247 2545 391 2603 τυρόν,
420 2546 482 2603 μὴ
514 2547 660 2604 λῆρον,
689 2547 835 2599 ἁπλῶς
867 2550 893 2590 ὃ
909 2548 917 2561 ”
951 2545 1087 2600 οὕτως
1116 2546 1404 2607 θεραπεύσας

156 2615 203 2655 ἐν
230 2618 361 2669 συκῆς
390 2616 575 2676 φύλλοις
605 2618 766 2677 σχοίνῳ
796 2620 1051 2672 κατάδησον
1080 2618 1275 2672 ἄνωθεν,

161 2675 256 2741 εἶθ’
286 2685 371 2730 ὑπὸ
400 2689 576 2746 θερμὴν
603 2681 721 2732 ὦσον
750 2690 835 2733 ἔσω
865 2689 1047 2737 σποδόν.

50 2754 123 2798 ve.
152 2756 206 2801 27
236 2749 329 2810 ἅλις
360 2761 579 2807 PorsonuS.
617 2765 801 2822 ABDPQ
831 2757 952 2813 ἅλας.
994 2767 1027 2808 C
1058 2761 1215 2817 εἴλησ’.
1258 2766 1331 2807 VL
1362 2753 1519 2809 f‘t'stmf’·
