1702 3158
621 181 663 222 Κ
667 181 710 222 Α
719 181 737 222 l
741 180 847 223 ἘΣ
1092 146 1105 158 ⁰
1412 176 1468 216 59

502 361 955 404 KAPL'E.

614 486 701 546 Οὐχ
732 487 836 547 ὁρᾶς
866 483 1133 546 ὀρχούμενον

226 579 321 628 ταῖς
345 576 469 633 χερσὶ
499 572 576 616 τὸν
604 571 821 630 &inulam
852 571 950 616 οὐδ’
985 569 1238 628 αἰσχύνεται

221 662 244 706 ὁ
273 661 352 705 τὸν
376 656 659 716 Ἠράκλειτον
691 659 826 702 πᾶσιν
856 656 1160 715 ἐξηγούμενος,

223 746 247 791 ὁ
277 746 358 799 τὴν
391 746 630 787 Θεοδέκτου
658 744 794 800 μόνος
824 742 1069 800 ἀνευρηκὼς
1098 743 1265 799 τέχνην,

222 831 246 874 ὁ
277 831 333 873 τὰ
361 830 580 888 κεφάλαια
611 827 877 887 συγγράφων
907 827 1141 886 Εὐριπίδῃ.

111 947 350 988 Athenaeus
379 947 436 989 lV
466 960 506 999 p.
539 947 687 986 134b:
723 938 893 999 μήποτε
935 941 981 983 δὲ
1009 943 1090 1005 ,az
1119 935 1399 994 Ἀντιφάνης
1426 937 1473 980 ἐν

8 1013 153 1071 Καρσὶ
183 1014 295 1058 κατὰ
334 1013 384 1057 τὸ
424 1012 632 1056 Ἀττικὸν
662 1012 771 1064 ἔθος
799 1012 876 1064 τῆς
906 1009 1121 1069 ὀρχήσεως
1150 1010 1355 1069 κωμῳδεῖ
1377 1023 1478 1052 τινα

8 1085 91 1128 τῶν
119 1087 272 1143 σοφῶν
299 1083 357 1135 ὥς
387 1084 508 1142 παρὰ
537 1085 715 1127 δεῖπνον
743 1081 1022 1139 ὀρχούμενον,
1053 1084 1189 1137 λέγων
1216 1076 1354 1131 οὕτως
1388 1079 1478 1136 Οὐχ

8 1155 110 1215 ὁρᾷς
140 1158 229 1202 κτλ.
277 1161 321 1200 ln
342 1160 548 1200 celebrem
566 1159 741 1211 aliquem
766 1158 896 1198 virum
917 1158 1222 1210 multarumque
1248 1158 1479 1196 litterarum

8 1232 131 1272 laude
159 1233 358 1284 insignem
392 1231 496 1270 haec
527 1231 634 1270 dicta
665 1242 757 1269 esse
787 1234 974 1280 apertum
1008 1233 1083 1269 est.
1155 1229 1369 1268 Socratem
1410 1227 1479 1279 qui

7 1287 227 1354 significari
258 1302 492 1341 existimant
520 1300 940 1352 Schweighaeuserus
970 1303 1012 1338 et
1045 1299 1282 1338 Dindorfius
1313 1299 1480 1351 Fragm.

8 1372 217 1426 Aristoph.
268 1385 308 1425 p.
348 1373 424 1421 21,
469 1385 549 1412 non
595 1370 861 1411 attenderunt
905 1371 954 1409 ad
998 1375 1175 1410 aetatem
1218 1369 1480 1421 Antiphanis‚

7 1442 228 1496 Aliquanto
258 1436 513 1496 probabilior
529 1443 639 1484 Max.
657 1441 874 1482 Schmidtii
905 1454 942 1481 v.
975 1441 1025 1480 cl.
1057 1441 1187 1480 videri
1220 1445 1357 1493 potest
1387 1454 1505 1505 sens

28 1515 158 1565 entia,
189 1515 258 1567 qui
286 1514 330 1555 in
359 1515 532 1555 Dissert.
562 1514 614 1553 dc
645 1517 834 1566 tempore
864 1524 945 1564 quo
977 1513 1212 1552 Aristotelis
1242 1526 1309 1552 ars
1339 1513 1483 1553 rheto-

1 1584 96 1650 lrica
123 1585 276 1637 scripta
307 1589 369 1625 est
398 1586 539 1636 (Halis
569 1585 700 1634 1837)
730 1584 834 1636 p.11
869 1584 1133 1623 Aristotelem
1165 1583 1215 1623 ab
1247 1584 1484 1636 Antiphane

1 1655 145 1712 {notari
175 1655 406 1695 arbitratur.
467 1655 599 1694 Huius
631 1655 739 1694 enim
770 1655 811 1693 in
843 1655 973 1706 prima
1004 1654 1283 1694 adolescentia
1314 1656 1484 1696 mollem

1 1714 56 1779 let
97 1724 314 1765 delicatum
355 1726 506 1765 victum
543 1724 673 1764 fuisse
709 1724 860 1763 docere
897 1725 1114 1764 Aelianum
1147 1726 1195 1766 V.
1225 1726 1280 1766 H.
1325 1727 1384 1766 111
1417 1727 1486 1772 19.

12 1795 267 1835 Athenaeum
301 1796 397 1836 Vll!
436 1809 476 1847 p.
508 1796 591 1834 354
629 1799 669 1833 et
706 1795 932 1835 Eusebium
973 1794 1121 1846 Praep.
1161 1808 1304 1847 evang.
1336 1796 1414 1838 XV
1442 1798 1484 1841 2,

13 1868 59 1904 ut
85 1869 200 1904 recte
229 1860 418 1916 βάκηλος
448 1865 583 1904 vocari
616 1866 811 1917 potuerit.
880 1863 1070 1903 Eundem
1112 1864 1152 1903 in
1184 1866 1309 1905 rebus
1339 1867 1484 1920 physi-

13 2017 104 2046 rum
149 2005 382 2059 disciplinas
425 2011 725 2057 perscrutatum
767 2019 881 2054 esse,
929 2018 1008 2057 quo
1056 2012 1247 2057 spectare
1284 2008 1487 2050 Heracliti

16 2077 275 2126 memoriam3
307 2077 486 2128 denique
517 2089 636 2129 quam
669 2077 900 2116 condiderit
931 2077 1196 2117 Theodectes
1227 2086 1356 2119 artem
1388 2082 1486 2121 rhe-

16 2146 211 2196 toricam,
249 2160 336 2186 eam
375 2146 485 2187 hunc
515 2148 728 2187 Aristoteli
769 2152 977 2199 acceptam
1008 2148 1239 2198 rettulisse,
1279 2156 1394 2191 certe
1431 2154 1489 2193 ita

18 2217 217 2257 creditum
259 2231 351 2258 esse
388 2219 437 2257 ab
477 2219 666 2270 antiquis,
707 2231 908 2270 apparere
947 2232 995 2258 ex
1037 2220 1303 2270 Quintiliano.
1371 2224 1490 2263 Haec

19 2289 206 2340 speciose
245 2289 373 2341 magis
412 2301 530 2340 quam
570 2302 668 2328 vere
699 2290 799 2329 mihi
829 2289 1033 2341 disputata
1065 2290 1280 2330 videntur:
1317 2306 1410 2331 nam
1453 2294 1489 2332 si

18 2358 264 2412 philosopha
303 2360 535 2401 Aristotelis
580 2360 714 2400 studia
759 2360 992 2412 significare
1036 2361 1166 2399 voluit
1219 2362 1488 2415 Antiphanes,

19 2430 165 2472 mirum
196 2431 324 2470 videri
355 2431 498 2479 debet,
536 2444 635 2483 prae
678 2432 830 2471 ceteris
867 2433 1184 2471 commemorari
1215 2434 1488 2484 Heraclitum,

10 2498 63 2558 ¹ln
91 2513 171 2552 quo
202 2502 441 2555 explicando
478 2502 686 2554 singulare
726 2501 931 2553 quoddam
965 2502 1143 2541 studium
1175 2504 1366 2555 posuisse
1397 2507 1490 2545 Ari-

21 2571 211 2612 »totalem
239 2586 262 2612 a
291 2573 456 2613 nemine
487 2573 681 2612 traditum
713 2576 788 2612 est.
858 2574 946 2612 Nec
975 2578 1208 2624 postremus
1239 2587 1383 2614 versus
1412 2577 1489 2616 viri

27 2630 244 2683 &tissimi
275 2644 534 2684 coniecturae
562 2642 687 2684 favet.
746 2644 848 2684 Eius
878 2644 1123 2685 sententiam
1151 2651 1266 2685 recte
1295 2646 1491 2685 indicavit

30 2708 312 2754 casaubonus:
355 2716 428 2768 qui
470 2715 674 2767 Euripidi
709 2716 905 2768 fabulam
951 2729 1193 2769 componere
1237 2729 1488 2769 aggressum

26 2791 182 2824 amma
218 2787 359 2842 capita
397 2786 599 2828 describit
638 2792 680 2827 et
705 2789 887 2840 primam
909 2789 1072 2840 faciem
1102 2787 1353 2841 tragoediae
1383 2787 1489 2826 dcli-

1550 918 1569 936 δ

1543 934 1563 945 α-

13 1934 71 1975 eis
99 1935 267 1975 multam
306 1948 473 1987 operam
503 1936 688 1987 posuisse
727 1947 953 1986 omnesque
991 1935 1178 1974 vetefum
1214 1936 1486 1990 philosopho·
1558 1935 1561 1937 ’
