1702 3158
252 181 336 221 ⁶7⁰
768 171 1214 216 ANAXANDRIDES.

252 291 440 339 transire,
469 290 505 329 si
535 300 615 340 qun
642 288 771 328 moris
798 290 982 326 matrona
1012 288 1074 324 est
1103 283 1233 336 probi.

251 363 507 414 reciprocum
537 359 616 399 iter
646 358 726 398 hoc
754 367 960 408 nunquam
990 357 1106 394 vacat
1133 351 1311 394 infamia.

917 443 1029 484 VIII.

795 514 830 553 Ο
861 525 933 553 cor
959 513 1204 565 Improbum,
1257 514 1262 523 ‘

253 599 373 640 quam
403 590 447 626 tu
475 585 699 637 malignum
729 595 773 623 es
803 582 935 622 solum
964 583 1006 622 in
1035 586 1122 621 toto
1153 580 1358 632 corpore?

252 670 343 698 nam
374 655 507 696 subito
537 655 658 694 saltas
688 652 758 693 ubi
785 652 998 692 timentem
1029 651 1190 691 videris.

950 740 1021 780 IX.

252 816 316 857 Ne
345 819 386 854 te
415 812 632 865 voluptatis
661 823 838 863 unquam
869 822 1031 851 servum
1059 807 1235 848 feceris:

252 897 387 937 neque
417 883 524 923 enim
554 882 630 922 viri
658 882 736 921 hoc
765 884 840 928 est,
870 880 944 919 sed
974 879 1154 920 subantis
1184 875 1405 916 foeminae,

954 969 1005 1009 X.

251 1041 488 1084 Umbratico
519 1040 687 1079 doctore
718 1039 846 1078 multo
877 1041 939 1078 est
970 1038 1102 1090 aptior

251 1124 366 1153 amor
394 1111 587 1162 magister
615 1109 719 1148 vitae
750 1107 800 1147 ad
828 1107 1031 1146 humanae
1061 1106 1178 1145 viam.

930 1189 1021 1230 XII.

252 1265 416 1316 Ubique
445 1263 568 1303 finem
599 1261 754 1314 reperit
784 1259 972 1300 assiduus
1003 1259 1130 1299 labor.

923 1343 1038 1382 XIII.

250 1418 456 1460 Abeamus
488 1429 511 1455 a
541 1415 702 1467 puellae
735 1413 942 1452 amaritiae
973 1418 1034 1452 est
1063 1423 1205 1464 penus.

913 1497 1021 1538 XVI.

251 1577 408 1627 Legum
437 1566 679 1608 contemtrix
707 1566 762 1605 ita
788 1565 950 1606 volebat
978 1565 1131 1606 civitas.

898 1655 1049 1696 XVIII.

247 1731 440 1773 Pulcrum
471 1729 532 1767 est
562 1725 795 1777 prIusquam
824 1729 996 1765 mortem
1026 1724 1221 1764 merearis
1251 1721 1366 1760 mori.

647 1963 1288 2024 EUBULUS.

733 2159 1213 2205 ANTJOHH.

958 2254 990 2294 1.

244 2341 368 2384 Multi
397 2341 548 2381 laboris
578 2352 652 2381 nos
681 2351 728 2379 ac
758 2337 973 2378 mediocris
1003 2337 1080 2377 cibi

244 2425 384 2453 sumu·
414 2425 462 2452 ao
491 2411 704 2451 duramus:
734 2409 906 2450 multum
935 2407 1073 2447 fantur
1101 2406 1239 2454 Attici,

243 2481 370 2522 edunt
398 2493 479 2522 non
509 2480 702 2528 m‘uItum3
731 2479 803 2519 sed
833 2477 1020 2519 Thebani
1050 2476 1280 2529 plurimum.

940 2566 992 2604 11.

244 2651 454 2705 Imperitat
484 2651 618 2691 Zetho
649 2663 763 2690 sacra
793 2649 1028 2689 Thebarum
1059 2647 1148 2686 loca

239 2722 462 2762 habitatum
489 2724 535 2761 ut
563 2721 703 2761 abeat:
734 2719 819 2760 illic
848 2729 1037 2770 namque,
1064 2719 1110 2756 ut
1138 2726 1205 2756 res
1235 2715 1369 2763 docet,
