1702 3158
257 184 340 228 660
796 183 1086 226 ANT1PHAN
1089 183 1170 225 Es.

260 297 362 339 nihil
393 300 456 338 est
485 300 659 345 certum,
686 295 831 336 stabile
860 295 962 335 nihil
992 299 1054 336 est
1083 306 1264 346 usquam,
1295 295 1373 335 nisi
1392 294 1500 347 quod
1529 295 1570 337 in
1600 296 1702 355 dieq'

261 368 432 420 quisque
460 367 582 419 genio
610 370 770 419 gratum
800 364 955 405 faciens
984 364 1148 404 sibimet
1176 366 1265 416 ipse
1294 364 1554 416 impenderit.
1688 380 1702 403 :z

263 436 337 476 sed
368 449 444 476 nec
474 436 556 476 hoc
585 448 774 476 securum
804 435 900 475 satis
931 437 1014 474 est:
1043 433 1166 473 facile
1196 446 1369 486 namque
1400 435 1594 474 everterit

262 506 408 557 aliquis
439 518 621 545 mensam
652 507 758 545 bene
787 508 980 557 paratam.
1033 504 1105 543 sed
1136 515 1228 543 cum
1255 504 1336 543 iam
1364 516 1522 544 mansas
1553 503 1702 556 dapes-i

262 587 423 627 perque
453 575 636 616 dentium
667 575 922 616 transmissas
952 576 1068 625 septa
1097 573 1376 625 deglutiverh,
1697 618 1702 630 -.

263 644 307 685 id
334 644 499 685 demum
531 645 604 685 tibi
632 648 774 698 putato
802 643 979 696 positum
1011 654 1104 684 esse
1133 647 1247 684 extra
1275 655 1437 684 omnem
1466 641 1609 682 aleam.
1679 632 1702 675 ’ἦ

973 732 1026 772 11.

264 818 327 858 Ex
357 829 437 870 quo
466 829 541 870 par
569 827 771 869 pavonum
798 817 841 857 in
870 816 1014 856 urbem
1044 815 1181 855 nescio
1213 816 1301 868 quis
1332 816 1507 868 primum
1537 786 1702 880 attuliss:

266 887 347 926 rari
376 886 444 938 qui
475 886 652 936 fuerant,
682 886 811 938 magis
838 887 1007 927 crebros
1037 897 1180 925 cernas
1209 886 1515 926 coturnicibus:

266 959 308 995 at
335 955 469 995 virum
498 955 650 996 bonum
681 955 916 1007 quaerendo
948 955 982 995 si
1013 954 1104 1006 quis
1134 965 1259 996 unum
1281 955 1499 1009 repererit,

268 1028 384 1066 natos
413 1037 463 1066 ex
493 1025 564 1065 illo
594 1025 762 1066 vitiosos
790 1025 968 1078 quinque
999 1026 1140 1065 cernet
1169 1025 1292 1066 filios.

779 1177 1224 1221 TJMRN.

272 1263 366 1304 Emi
395 1263 613 1315 magnifice
642 1275 749 1316 quae
778 1267 873 1304 sunt
902 1277 1005 1317 opus
1035 1266 1086 1306 ad
1115 1264 1296 1316 nuptias:

270 1335 336 1372 tus
365 1332 475 1371 oboli
504 1333 637 1384 pretio
667 1334 737 1373 Dis
767 1333 1011 1386 Deabusque
1041 1335 1243 1381 omnibus,

271 1401 464 1442 semideis
493 1414 590 1442 vero
619 1403 716 1452 liba,
747 1403 942 1443 mellitam
972 1404 1132 1455 dapem,

272 1471 509 1512 mortalibus
537 1472 612 1513 sed
641 1473 758 1514 nobis
788 1473 870 1514 emi
904 1473 1060 1526 gobios.

1679 1686 1693 1713 ε
1672 1611 1694 1646 a
1678 1464 1697 1581 ⁴24.
1679 1338 1698 1443 52.-
1676 1267 1699 1302 A„
1684 1202 1699 1225 ψ,
1677 1148 1695 1155 ῑ

664 1626 1347 1670 ΤΡΑΥΜΑΤΙΑΣ.

777 1714 959 1755 Subinde
989 1719 1031 1755 et
1061 1714 1293 1754 dissertatio

277 1784 518 1833 prorumpat
542 1781 690 1832 aliqua,
719 1787 761 1823 et
790 1796 954 1825 carmen
985 1788 1054 1825 aut
1082 1796 1178 1836 pars
1203 1783 1255 1820 de
1284 1782 1411 1821 choro

278 1850 489 1891 recitetur.
546 1862 686 1891 rerum
714 1855 878 1904 praeter
907 1866 1029 1894 unam
1060 1857 1122 1894 est
1152 1852 1334 1893 omnium

279 1920 415 1961 suavis
443 1920 698 1961 vicissitudo.

1660 1816 1691 1992 2..ssae
1671 1749 1692 1780 a

583 2055 1452 2100 ΤΡΙΤΑΓΩΝΙΣΤΗΣ,

284 2141 463 2182 Multum
495 2146 640 2195 poetas
670 2147 855 2184 caeteros
885 2144 1134 2185 Philoxenus

284 2214 473 2252 antestat.
531 2212 707 2264 primum
737 2225 912 2266 namque
942 2214 1175 2255 nominibus
1204 2214 1318 2255 novi·

285 2292 308 2319 a
337 2292 383 2320 se
411 2282 586 2334 repertis
614 2283 764 2335 passim
794 2284 989 2323 audacter
1018 2283 1168 2324 utitur:

285 2348 435 2389 deinde
462 2350 582 2390 variis
610 2352 765 2392 vicibus
795 2364 843 2392 ac
871 2353 1077 2393 coloribus
1660 2354 1683 2418 ἓ]

284 2431 447 2459 carmen
477 2421 639 2472 figurat.
696 2422 804 2461 inter
836 2421 1022 2462 homines
1051 2434 1127 2462 ceu
1157 2422 1267 2462 Deus
1560 2478 1562 2480 V
1656 2446 1681 2484 a

286 2489 483 2538 exstabat,
512 2495 640 2530 artem
669 2503 806 2531 veram
835 2491 988 2531 callens
1016 2492 1224 2531 musicam.
1609 2548 1611 2551 7
1662 2510 1679 2554 ’ς

287 2560 328 2596 at
355 2569 464 2598 nunc
493 2562 641 2611 poetae
669 2559 885 2613 floricarpa
913 2561 1104 2609 carmina,
1658 2588 1676 2622 Ι

287 2623 468 2676 fontana,
494 2628 688 2679 hederea‚
719 2630 878 2669 miseris
906 2633 1088 2682 pangunt
1117 2626 1296 2673 vocibus,

287 2693 501 2748 alienaque
529 2710 656 2750 opera
684 2699 877 2751 operibus
904 2699 1088 2740 intexunt
1117 2696 1212 2737 suis.

1031 2780 1128 2787 ——
