1702 3158
477 187 742 231 FABULAE
775 186 1080 229 INGERTAE.
1443 185 1463 226 1
1473 185 1528 226 45

157 301 446 345 Athenaeus!
485 314 526 356 p.
557 302 612 342 28
627 301 659 343 f.
709 301 763 342 de
807 301 929 342 variis
977 300 1062 342 vini
1106 298 1331 354 generibus
1376 311 1526 352 agens:

42 367 320 427 Ἀντιφάνης
341 367 502 413 ’Έστιν
527 367 647 427 ὄψον
674 369 767 414 κτλ.
825 372 898 414 Vs.
931 372 953 412 1
989 370 1200 413 lecobsius
1228 369 1367 413 Addit.
1397 382 1439 424 p.
1470 370 1526 410 26

54 455 283 500 παρεστιν.

704 541 857 583 XXIX.

206 626 464 687 Στεφάνους
492 630 678 686 ἐνεγκεῖν
709 619 836 688 δεῦρο
867 629 954 672 τῶν
979 627 1182 686 χρηστῶν
1212 623 1306 683 δύο,

207 718 284 759 καὶ
313 715 432 774 δᾷδα
457 716 655 774 χρηστὴν
684 713 884 772 ἡμμένην
910 716 1085 775 χρηστῷ
1114 712 1233 772 πυρί.

149 833 390 874 Athenaeus
419 831 497 872 XV
527 844 568 884 p.
600 831 683 871 686
700 832 749 872 h:
790 825 904 884 κάγώ
950 826 1002 870 δ’
1034 830 1107 872 ἐπὶ
1137 825 1308 878 τούτοις
1336 825 1416 870 τοῦ
1444 826 1519 869 λε’-

34 914 126 956 γειν
155 899 240 952 ἤδη
271 895 502 954 παύσομαι
531 897 582 941 τὸ
612 913 813 955 τημερον,
845 899 1093 956 παραχωρῶ
1122 915 1167 942 τε
1197 898 1275 941 τὸν
1301 899 1401 955 περὶ
1430 911 1518 940 των

33 968 182 1028 μύρων
219 968 350 1025 λόγον
391 972 482 1020 τοῖς
520 970 807 1026 βουλομένοις
845 967 1106 1026 διέρχεσθαί
1137 985 1179 1012 τι
1216 969 1278 1029 τῷ
1306 984 1351 1011 τε
1385 969 1517 1011 παιδὶ

30 1038 319 1099 προστάττων
349 1043 475 1093 (fort.
507 1038 797 1097 προστάττω)
827 1041 899 1084 ἐπὶ
929 1041 982 1100 τῆ
1014 1038 1340 1099 στεφανηφόρω
1377 1037 1518 1099 ταύτῃ

31 1128 119 1169 μου
148 1111 348 1164 διαλέξει,
379 1109 492 1153 κατὰ
521 1110 600 1153 τὸν
625 1108 894 1171 Ἀντιφάνη,
926 1110 1186 1168 Στεφάνους
1215 1111 1402 1166 ἐνεγκεῖν
1424 1110 1516 1155 κτλ.

37 1187 99 1227 Ita
132 1188 240 1227 enim
272 1186 495 1238 legendum
526 1185 704 1228 videtur.
773 1186 909 1240 Vulgo
948 1183 1062 1225 κατὰ
1101 1182 1179 1225 τὸν
1217 1178 1519 1240 ’Λντιῳάνους

32 1252 216 1307 ἐνεγκεῖν
244 1253 337 1295 κτλ.
406 1256 827 1309 Schweighaeuserus
870 1262 911 1298 et
951 1256 1192 1298 Dindorfius
1230 1259 1326 1309 post
1362 1251 1518 1296 Ἀντι-

31 1320 201 1381 φάνους
257 1326 446 1366 lacunam
489 1327 736 1369 indicarunt.
822 1329 980 1371 Vocem
1024 1321 1271 1380 στεφάνους
1314 1326 1517 1368 excidisse

30 1397 132 1438 vidit
169 1397 248 1437 iam
289 1396 570 1438 casaubonus.
651 1399 733 1439 Pro
778 1396 964 1451 ἐνεφκεῖν
1002 1396 1256 1451 Antiphanes
1300 1397 1515 1452 scripsisse

30 1467 196 1508 videtur
227 1462 381 1520 ἔνεγκε.

695 1571 826 1613 ΧΧΧ.

799 1660 933 1713 Meae,
963 1659 1172 1716 πέρδικες,

362 1740 551 1798 φάτται,
583 1742 753 1800 νῆτται,
780 1745 924 1801 χῆνες,
950 1744 1104 1801 ψᾶρες,

357 1825 498 1881 κίττα,
528 1825 716 1880 κολοιός,
746 1827 947 1886 κόψιχος,
979 1826 1122 1886 ὄρτυξ,

362 1909 481 1969 ὅρνις
510 1910 692 1966 θήλεια.

135 2027 378 2070 Athenaeus
417 2030 455 2070 11
497 2044 538 2084 p.
570 2031 624 2072 65
646 2046 693 2073 e:
736 2023 1016 2084 Ἀντιᾳάνης
1061 2026 1107 2067 δὲ
1152 2025 1229 2067 καὶ
1271 2025 1422 2083 ψᾶρας
1463 2027 1511 2070 ἐν

29 2095 117 2145 τοῖς
161 2093 367 2152 βρώμασι
405 2100 634 2153 καταλέγει
665 2099 805 2150 Μέλι,
844 2098 1039 2154 πέρδικες
1072 2097 1161 2139 κτλ.
1222 2100 1411 2142 Describi
1449 2102 1509 2142 vi-

29 2166 149 2209 detur
180 2182 335 2210 coenae
366 2178 610 2225 apparatus,
650 2175 691 2214 in
723 2186 804 2226 quo
836 2172 959 2212 etiam
990 2171 1133 2220 mella,
1173 2172 1366 2213 secundis
1391 2185 1507 2213 men-

29 2237 84 2279 sis
119 2240 298 2292 propria,
328 2246 643 2285 commemorari
676 2245 754 2284 etsi
785 2257 867 2283 non
897 2243 986 2282 sine
1017 2242 1208 2294 exemplo
1239 2247 1303 2282 est
1331 2244 1396 2293 *)‚
1425 2242 1507 2282 hoc

29 2312 167 2350 tamen
192 2310 284 2350 loco
306 2324 450 2364 parum
472 2318 566 2366 apte
587 2328 679 2354 cum
703 2314 852 2354 ceteris
875 2314 1204 2365 coniunguntur3
1234 2313 1372 2363 itaque
1393 2311 1506 2352 aliud

29 2380 124 2432 quid
153 2393 176 2420 a
206 2386 330 2433 poeta
359 2384 557 2436 scriplum
595 2385 725 2425 fuisse
764 2383 963 2423 credibile
1003 2388 1080 2422 est.
1149 2383 1346 2423 Fortasse
1384 2380 1505 2435 μελι-

30 2446 224 2502 πέρὸικες
253 2452 532 2503 scribendum,
565 2454 910 2507 quemadmodum
941 2450 1114 2506 καρῖδες
1143 2452 1278 2504 pissce
1308 2465 1331 2493 a
1362 2452 1504 2494 Philo-

27 2529 132 2559 xeno
163 2521 362 2574 Cytherio
392 2519 661 2580 μελικάριδες
691 2525 885 2565 dicuntur
916 2524 1023 2577 apud
1053 2523 1205 2565 Athen.
1227 2522 1283 2565 lv
1299 2523 1503 2576 p,147b=

119 2663 156 2704 ⁸¹)
182 2664 270 2698 Vide
295 2677 325 2701 e.
351 2679 380 2702 c.
407 2669 636 2706 Philoxenum
663 2671 753 2716 apud
779 2670 906 2705 Athen.
930 2670 977 2704 IV
1003 2682 1035 2714 Ρ·
1061 2669 1131 2704 147
1144 2680 1175 2703 θ’
1200 2667 1259 2702 ubi
1285 2677 1501 2701 commemo-

29 2719 114 2753 ratis
136 2722 283 2759 affitibus
307 2726 397 2772 (pro
422 2727 560 2774 φάσιων
583 2734 661 2775 lege
687 2731 847 2776 φασσῶν)
874 2731 1019 2775 aliisque
1046 2730 1189 2771 d⁰¹¹055³2
1213 2729 1250 2763 5¹¹
1275 2727 1343 2763 fine
1368 2737 1500 2762 coenae

29 2780 97 2812 mel
121 2781 157 2813 et
179 2783 233 2815 lac
253 2792 482 2829 apponuntur.

84 2849 253 2885 Comoed.
276 2855 370 2888 med.
1179 2850 1233 2889 1⁰
