1702 3158
405 142 663 188 ΑΙὨΝΙΣ
702 143 755 184 Η
800 138 1134 183 ΙΠΠΙΣΚΟΣ.
1420 142 1504 183 388

294 313 586 359 ΑΓΩΝΙΣ
632 315 684 356 11
742 309 1139 355 ΙΠΠΙΣΚΟΣ.
1198 313 1240 363 *)

243 515 310 566 τΩ
340 524 488 580 μῆτερ,
519 519 692 564 ἱκετεύω
724 537 785 575 σε,
815 520 875 577 μὴ
903 517 1062 562 ’πίσειέ
1089 535 1168 575 μοι

251 607 328 652 τὸν
358 605 616 665 ,Μισγόλαν
646 606 699 650 οὐ
731 605 814 665 γὰρ
841 602 1098 664 κιθαρῳδός
1126 600 1219 661 εἶμ’
1246 600 1342 659 ἐγώ.

141 724 377 766 Athenaeus
410 725 510 767 VllI
541 739 581 778 p.
611 725 693 765 339
712 738 747 766 c.
780 724 832 765 de
851 723 1032 777 Misgola
1062 721 1307 775 Collytensi‚
1338 719 1504 772 pulcro-

30 805 120 834 rum
151 795 482 836 citharoedorum
508 801 692 836 amatore
709 795 1004 848 perditissimo,
1036 794 1285 845 scriptorum
1316 792 1504 831 testimo-

29 865 96 915 nia
133 865 334 907 afferens:
362 860 542 916 ’'Azegag
571 863 617 905 δὲ
645 864 692 905 ἐν
729 861 945 917 Ἀγωνίδι
975 856 1003 913 ἢ
1030 857 1250 917 Ἱππίσκῳ
1273 850 1338 900 ’.Ω
1367 858 1504 914 μῆτερ

28 933 117 982 κτλ.
177 938 249 980 Vs,
282 938 302 976 1
337 935 397 990 μὴ
429 934 588 977 πείσειε
618 938 704 979 ΑΡ.
741 933 802 990 μὴ
836 932 974 976 πίσειε
1006 934 1095 976 VL.
1155 932 1367 987 Euripidis
1395 931 1506 972 hunc

28 1020 192 1050 versum
222 1021 313 1049 esse
344 1021 394 1048 ex
422 1009 559 1049 orest.
590 1008 697 1048 249:

249 1091 280 1116 ω
312 1076 461 1132 μῆτερ,
493 1072 664 1117 ἱκετεύω
695 1089 756 1128 σε,
786 1074 848 1130 μὴ
875 1071 1033 1116 ’πίσειέ
1063 1085 1141 1128 μοι

252 1144 329 1196 τὰς
358 1144 644 1202 αἱματωποὺς
673 1146 747 1187 καὶ
778 1141 1093 1202 δρακοντώδεις
1123 1140 1277 1197 κὸιιας,

29 1218 186 1272 primus
224 1218 323 1259 vidit
353 1220 538 1274 Toupius
580 1220 631 1261 ad
672 1219 902 1272 Longinum
946 1218 1000 1258 de
1026 1216 1202 1258 Sublim.
1235 1217 1312 1259 XV
1342 1218 1383 1258 2.
1444 1217 1504 1257 De

30 1290 210 1344 Misgola
239 1289 321 1330 dixi
349 1291 458 1332 nist.
489 1291 579 1332 crit.
608 1304 648 1343 p.
682 1290 778 1330 386.

739 1413 792 1453 II.

771 1497 1013 1551 'AnrJvtwv
1043 1498 1103 1558 τῷ
1131 1498 1236 1555 ξένῳ

249 1580 309 1635 εἰς
340 1583 420 1636 τὴν
448 1585 704 1636 κατάλυσιν,
735 1582 903 1637 ἧσόνην
933 1585 1086 1627 αἴθων
1114 1580 1239 1640 ἀνήρ,

250 1672 341 1720 τοῖς
370 1669 501 1713 παισί
528 1668 574 1712 τ’
605 1662 723 1723 εἶπα,
755 1667 833 1712 δυο
864 1669 947 1726 γὰρ
976 1661 1086 1725 ἦγον
1116 1669 1315 1721 οἴκοθεν,

247 1752 511 1812 τάκπώματ’
544 1752 604 1806 εἰς
633 1755 683 1798 τὸ
714 1755 911 1813 φανερὸν
940 1755 1278 1812 ἐκνενιτρωμένα

42 1838 61 1860 ¹⁴
194 1843 223 1884 5
250 1842 418 1884 θεῖναι.
476 1838 650 1892 κύαθος
680 1840 728 1883 δ’
758 1832 814 1893 ἦν
842 1838 1072 1898 ἀργυροῦς,
1105 1835 1379 1895 τάκπώματα

247 1917 351 1982 ἦγεν
380 1924 459 1969 δύο
490 1925 701 1984 δραχμάς,
732 1926 922 1983 κυμβίον
952 1927 998 1968 δὲ
1030 1921 1255 1983 τέτταρας,

248 2010 539 2070 ψυκτηρίδιον
566 2013 611 2055 δὲ
639 2009 730 2056 δέκ’
763 2010 964 2068 ὀβολοίς,
999 2010 1276 2056 Φιλιππίδου

250 2096 523 2155 λεπτότερον.

140 2199 379 2242 Athenaeus
410 2202 468 2243 XI
498 2218 539 2257 p.
553 2203 672 2245 502f
683 2218 694 2243 ε
718 2198 899 2253 ''Aaegzg
930 2197 979 2241 δ’
1011 2200 1059 2241 ἐν
1083 2197 1300 2257 Ἰππίσκῳ
1332 2210 1506 2253 ψυκτη-

29 2265 169 2323 ρίδιον
197 2268 322 2310 καλεῖ
346 2269 421 2311 διὰ
449 2270 618 2314 τούτων
643 2269 883 2323 Ἀπήντων
913 2270 972 2329 τῷ
1001 2271 1105 2329 ξένῳ
1133 2271 1223 2314 κτλ.
1296 2274 1410 2313 [dem
1440 2274 1503 2313 lo-

31 2351 103 2381 eus
128 2340 226 2382 inde
253 2355 277 2383 a
306 2344 408 2384 ma
425 2345 475 2385 ab
507 2347 655 2387 eodem
671 2347 889 2387 Athenaeo
921 2351 1108 2386 servatus
1139 2351 1203 2386 est
1221 2346 1278 2387 V1
1294 2359 1334 2398 p.
1351 2345 1502 2385 230b:

22 2403 199 2461 ”Akglss
249 2407 302 2450 δ’
347 2411 393 2453 ἐν
431 2409 649 2473 Ἱππίσκῳ
693 2413 923 2457 νεανίσκον
969 2411 1183 2471 παράγων
1223 2413 1389 2470 ἐρῶντα
1428 2413 1504 2455 καὶ

33 2475 378 2536 ἐπιδεικνύμενον
426 2482 505 2525 τὸν
539 2484 731 2527 πλοῦτον
770 2486 823 2545 τῇ
861 2486 1052 2543 ἐρωμένῃ
1100 2485 1242 2526 ταῦτα
1279 2485 1400 2526 ποιεῖ
1429 2484 1502 2526 λε’-

35 2558 168 2598 γοντα
199 2549 300 2600 Τοῖς
337 2552 470 2596 παισί
507 2553 551 2597 τ’
583 2547 688 2599 εἶπα
717 2556 807 2600 κτλ.
876 2559 982 2601 Sunt
1021 2560 1149 2612 igitur
1187 2559 1361 2600 amantis
1399 2559 1500 2600 ado-

129 2691 168 2735 ⁸)
183 2693 237 2727 De
259 2695 356 2732 titulo
377 2700 513 2736 fabulae
535 2703 614 2738 vide
638 2704 730 2741 Hist.
755 2705 831 2740 crit.
857 2718 889 2750 p.
915 2705 998 2748 385,
1031 2706 1090 2740 ubi
1115 2707 1206 2752 quod
1228 2712 1351 2749 Ayom's
1373 2704 1500 2740 mulie-

35 2761 85 2786 ¹¹⁸
106 2762 232 2787 mmm
254 2765 332 2790 0880
355 2759 437 2803 (fixi,
460 2763 640 2799 confirmat
664 2765 790 2801 Cicero
816 2767 854 2800 in
878 2766 1007 2800 Caecil.
1034 2767 1091 2801 17.
