1702 3158
215 141 298 183 554
818 144 1061 186 DIONYSII

216 250 447 301 πεποίηται
476 251 617 292 νοσῶν
643 250 875 304 Ἡρακλῆς,
905 253 977 293 καὶ
1007 251 1190 303 Σιληνὸς
1220 251 1380 305 κλίζειν
1410 255 1542 298 αὐτὸν
1571 273 1658 300 πει-

214 318 413 375 ρώμενος.
444 323 534 362 Dixi
564 323 615 361 de
644 323 706 361 his
737 323 843 363 nist.
873 324 961 363 crit.
979 338 1017 375 p.
1034 325 1128 364 420.
1159 326 1227 365 ubi
1258 327 1354 365 satis
1385 329 1657 380 probabiliter,

215 395 336 443 puto,
386 387 506 445 Λίνῳ
553 391 810 431 scribendum
864 406 955 432 esse
1001 394 1167 434 conieci.
1239 396 1431 435 Ceterum
1476 397 1658 439 dubitare

215 460 343 511 coepi,
374 473 423 499 an
453 460 555 499 haec
585 473 665 498 non
696 462 830 512 potius
860 461 909 500 ad
927 462 1162 513 Dionysium
1193 465 1389 516 tragicum
1420 468 1657 516 pertineant.

215 529 339 569 Certe
370 529 497 567 Sileni
527 542 700 579 persona
739 531 936 582 satyricae
974 531 1136 570 fabulae
1176 545 1293 583 quam
1333 535 1566 574 comoediae
1595 549 1657 575 ar-

214 601 407 649 gumento
437 601 777 638 accommodatior
806 605 881 639 est.
913 600 1329 642 AchaeiEretriensis
1347 604 1490 642 Linum
1520 605 1656 645 itidem

217 667 436 717 satyricum
478 666 616 706 drama
654 668 796 717 fuisse,
839 669 880 708 in
909 682 1040 720 eoque
1070 683 1233 723 magnas
1263 672 1484 713 Herculem
1522 678 1657 725 partes

215 735 460 775 sustinuisse
490 749 608 776 nemo
640 739 781 778 nescit.

801 832 1074 839 ————-

613 949 1253 997 ΣΩΖΟΥΣΑ.

916 1077 947 1116 1.

367 1152 490 1197 ‘'Ooa
521 1153 546 1194 δ
564 1151 574 1165 ’
600 1151 718 1195 ἐστὶν
748 1154 840 1205 εἴδη
869 1157 1132 1212 θηρικλείων
1161 1156 1245 1198 τῶν
1272 1156 1426 1211 καλῶν,

378 1236 519 1294 γύναι,
550 1234 780 1290 δικότυλοι,
808 1237 1062 1295 τρικότυλοι,
1092 1241 1230 1290 δεῖνος
1257 1240 1390 1296 μέγας

374 1321 525 1378 χωρῶν
550 1320 777 1378 μετρητήν,
807 1323 1005 1378 κυμβίον,
1035 1322 1205 1381 σκύφοι,
1236 1324 1355 1384 ῥυτά.

370 1407 431 1451 Β.
460 1401 635 1461 ποτήρι’
667 1403 693 1456 ἡ
724 1406 868 1461 γραῦς,
897 1404 1002 1449 ἄλλο
1033 1406 1080 1449 δ’
1111 1406 1210 1450 οὐδὲ
1237 1405 1284 1449 ἓν
1314 1407 1473 1463 βλέπει.

319 1518 553 1559 Athenaeus
582 1519 641 1558 Xl
671 1533 710 1572 p.
740 1520 822 1560 467
841 1521 891 1561 d:
929 1517 1152 1570 Διονύσιος
1183 1518 1205 1562 ὁ
1236 1518 1455 1568 Σινωπεὺς
1485 1518 1530 1560 ἐν
1561 1519 1680 1560 Σω-“

208 1582 337 1643 ζοὺσῃ
366 1586 614 1639 καταλέγων
643 1583 840 1642 ὀνόματα
870 1589 1088 1645 ποτηρίων
1114 1586 1370 1645 μνημονεύει
1400 1590 1472 1631 καὶ
1502 1586 1656 1630 τούτου

209 1655 394 1710 (δεῖνον)
432 1656 566 1709 λέγων
605 1651 740 1705 οὕτως
769 1651 890 1698 ’Ὀσα
929 1656 976 1698 δ’
1010 1659 1126 1700 ἐστὶν
1165 1659 1257 1710 εἴδη
1287 1659 1375 1701 κτλ.
1447 1662 1518 1702 VS·
1547 1661 1573 1700 2
1613 1661 1655 1700 in

208 1723 337 1780 γύναι
366 1729 501 1781 poculi
532 1741 677 1768 nomen
708 1730 836 1770 latere
866 1737 1078 1784 perspecte
1109 1733 1263 1771 monuit
1294 1731 1538 1771 Letronnius
1570 1730 1652 1770 Ob-

208 1810 315 1838 serv.
353 1810 422 1837 sur
459 1798 520 1836 les
557 1811 672 1837 noms
709 1799 780 1838 des
823 1814 936 1840 vases
975 1816 1014 1853 p.
1045 1802 1112 1842 44.
1171 1802 1323 1842 Verum
1364 1799 1472 1852 quod
1510 1799 1680 1839 vitioso⁴

207 1867 359 1907 nomini
388 1867 595 1906 substituit
624 1862 781 1917 γυάλαι
812 1869 854 1916 (a
869 1865 1062 1920 γυάλας),
1093 1871 1134 1909 id
1158 1871 1207 1910 ab
1223 1872 1449 1911 Atticorum
1465 1881 1653 1909 sermone
1699 1869 1700 1873 ’

207 1938 330 1988 longe
358 1941 560 1976 remotum
593 1941 666 1976 est.
714 1938 907 1978 Fortasse
933 1934 1109 1977 κοτύλαι
1138 1939 1410 1987 scribendum,
1440 1939 1554 1979 cuius
1581 1949 1665 1978 vo-‘

207 2006 339 2045 cabuli
369 2006 497 2056 prima
528 2006 681 2057 syllaba
720 2008 760 2046 in
791 2008 903 2048 initio
935 2022 1073 2049 versus
1112 2009 1233 2048 facile
1272 2009 1479 2048 absorberi
1509 2008 1651 2061 potuit.

208 2075 269 2114 lta
310 2075 386 2113 tria
429 2076 665 2126 poculorum
710 2089 860 2128 genera
910 2092 932 2118 a
975 2079 1250 2131 magnitudine
1301 2078 1651 2119 denominatorum

207 2150 634 2193 commemorarentur,
668 2157 790 2185 unum
822 2142 1039 2198 (κοτύλαι)
1069 2148 1177 2199 quod
1198 2159 1316 2187 unam
1347 2148 1522 2199 cotylen,
1550 2147 1651 2186 alte-

206 2226 295 2252 rum
327 2214 434 2264 quod
466 2213 570 2262 duo,
613 2216 777 2254 tertium
814 2217 921 2266 quod
952 2221 1034 2255 tres
1065 2218 1217 2269 cotylas
1247 2217 1383 2255 habet.
1449 2216 1649 2267 Quicquid
1679 2224 1682 2233 ’

207 2286 289 2331 est,
328 2279 454 2332 γύναι
483 2296 648 2335 prorsus
677 2285 930 2336 improspere
960 2286 1050 2325 loco
1080 2287 1253 2339 positum
1285 2288 1325 2324 et
1355 2297 1427 2337 pro
1458 2289 1649 2336 corrupto

206 2352 438 2392 habendum
470 2357 543 2400 est,
574 2354 755 2403 quamvis
785 2359 959 2405 negante
989 2356 1203 2395 Welckero
1226 2355 1334 2395 Mus.
1350 2354 1480 2393 Rhen.
1498 2354 1648 2404 (1839)

206 2437 246 2475 p.
275 2422 370 2462 412.
414 2447 463 2454 —
515 2423 584 2462 Vs.
615 2423 641 2460 3
667 2418 786 2477 ῥυτά.
844 2425 992 2464 Athen.
1024 2439 1062 2477 p.
1093 2426 1235 2464 4970:
1265 2418 1488 2469 Διονύσιος
1518 2418 1540 2461 ὁ
1570 2421 1647 2461 Σι-

207 2488 369 2536 νωπεὺς
397 2489 442 2529 ἐν
470 2487 675 2546 Σωζούσῃ
706 2490 952 2542 καταλέγων
976 2489 1074 2532 τινὰ
1102 2489 1285 2547 ποτήρια
1314 2491 1388 2532 καὶ
1413 2490 1490 2531 τοῦ
1518 2487 1650 2545 ῥυτοῦ
1676 2512 1678 2514 v

204 2555 420 2612 ἐμνήσθη.
468 2561 659 2600 Ceterum
689 2561 798 2601 huuc
827 2575 987 2602 versum
1018 2564 1134 2604 alteri
1162 2562 1442 2602 interlocutori
1471 2562 1647 2602 attribui.

207 2627 349 2670 Priora
379 2631 485 2670 enim
516 2632 579 2670 vix
610 2631 782 2671 dubitari
813 2636 945 2684 potest
975 2634 1070 2684 quin
1101 2634 1149 2674 ab
1179 2633 1266 2685 ipsa
1296 2633 1377 2683 illa,
1408 2645 1511 2684 quae
1540 2644 1596 2672 vs.
1619 2631 1671 2670 4<

208 2703 468 2748 memoratur,
497 2701 631 2741 vetula
662 2701 857 2742 dicantur.
