1702 3158
243 151 333 192 «814
829 150 1099 192 AMPfflulS

250 261 388 301 nescio
436 259 552 300 cuius
595 261 736 313 tragici
781 263 928 312 poetae
967 261 1007 311 *)
1051 260 1284 313 Telephum
1335 262 1445 314 tangi
1487 263 1690 314 putabam,

249 341 370 381 quem
407 329 478 369 ille
507 330 675 369 deiectis
711 330 753 369 in
782 329 950 369 humum
989 330 1117 370 oculis
1154 334 1195 370 et
1223 343 1321 382 prae
1350 331 1547 371 malorum
1583 332 1690 372 mole

248 399 490 437 taciturnum
518 399 560 437 in
589 410 710 437 scena
740 397 990 438 exhibuerat.
1034 399 1276 439 Aristoteles
1306 400 1354 440 A.
1386 400 1501 440 Poet.
1531 401 1608 441 24:
1645 398 1691 440 ἐν

250 465 422 513 Μυσοῖς
452 468 597 518 (ignoti
626 468 801 506 auctoris
830 466 986 516 fabula)
1012 461 1035 505 ὁ
1065 462 1239 520 ἄφωνος
1267 465 1311 506 ἐκ
1341 466 1496 518 Τεγέας
1524 461 1583 515 εἰς
1611 465 1690 518 τὴν

249 531 433 575 Μυσίαν
467 528 594 583 ἥκων.
662 537 743 576 Ubi
781 536 873 576 vide
911 536 1196 588 Tyrwhittum.
1273 538 1361 578 Alia
1399 538 1533 578 Geelii
1568 552 1606 579 v.
1638 540 1687 581 cl.

246 605 448 645 sententia
484 604 683 655 (Dissert.
724 606 777 646 de
819 606 1027 658 Euripidis
1069 607 1257 659 Telepho
1294 620 1334 659 p.
1364 608 1422 657 9)
1459 607 1689 659 Telephum

245 673 480 712 helluonem
510 673 714 725 designari
750 675 1038 724 existimantis,
1080 677 1131 716 de
1160 689 1240 728 quo
1269 689 1401 728 neque
1429 676 1528 716 mihi
1556 689 1689 728 neque

244 741 347 790 aliis,
377 743 534 794 opinor,
565 742 781 794 quidquam
810 744 998 785 innotuit.
1028 770 1080 778 -
1105 746 1216 787 Vs.8
1245 741 1541 799 ἀνδροφόνους
1557 746 1686 787 dictos

244 823 335 851 esse
363 823 505 851 omues
540 811 752 865 insigniter
789 813 994 865 improbos
1034 815 1171 855 docuit
1210 815 1470 855 casaubonus
1511 827 1561 854 ex
1595 812 1687 855 Ma-

244 879 377 922 chone
417 881 616 920 Athenaei
655 881 712 920 lX
753 894 794 934 p.
825 882 907 922 384
924 882 954 923 f.
984 877 1254 936 ἀνδροφόνος
1294 877 1559 924 Γνάθαινα.·
1612 882 1686 923 Gfr

242 962 283 1002 p.
313 949 395 990 228
411 961 446 989 c.
486 946 582 987 τίνα
623 946 693 988 δεῖ
722 946 901 1001 λέγοντα
938 948 1044 1005 πρὸς
1071 949 1172 999 τοὺς
1199 946 1499 1005 ἀνδροφόνους
1528 944 1687 1003 ἰχθυο-

243 1014 689 1064 πώλας-ὠνεῖσθαι
721 1013 756 1056 οἳ
779 1015 994 1070 βούλεται.
1024 1045 1077 1052 -
1108 1022 1178 1063 Vs.
1208 1022 1234 1060 9
1261 1016 1364 1060 ὦσεί
1397 1033 1441 1060 τε
1470 1018 1688 1074 προσέχων

242 1089 386 1140 scripsi
413 1087 463 1128 ad
492 1088 708 1128 Menandr.
737 1101 778 1141 p.
810 1089 903 1128 186.
970 1089 1206 1130 Dindorfius
1239 1084 1343 1128 ώσεὶ
1379 1087 1424 1128 δὲ
1455 1087 1701 1143 προσέχων.3

243 1157 419 1198 Codices
447 1150 548 1195 ὠσεὶ
577 1156 797 1210 προσέχων
826 1152 886 1196 δ’.
935 1159 968 1199 V
997 1152 1100 1197 ώσεὶ
1130 1157 1349 1212 προσέχων
1377 1149 1465 1200 ὅδ’.
1523 1159 1558 1199 L
1584 1153 1688 1206 ώσεὶ

241 1225 460 1281 προσέχων
488 1221 512 1265 ὁ
542 1221 601 1266 δ’.
661 1250 709 1256 -
769 1228 839 1269 VS.
871 1228 924 1266 10
961 1228 1125 1268 exhibui
1163 1234 1207 1268 ut
1237 1229 1386 1281 legitur
1413 1228 1454 1267 in
1482 1228 1533 1277 A,
1561 1240 1686 1279 quan-

241 1297 388 1337 tumvis
425 1300 629 1348 corrupte.
695 1296 777 1336 Pro
815 1292 1021 1335 πώλυπον
1056 1297 1126 1337 PL
1163 1293 1372 1336 πόλυπον.
1438 1297 1686 1347 Dindorfius,

241 1372 408 1419 recepta
449 1365 678 1406 Casauboni
717 1366 948 1406 coniectura
984 1361 1059 1405 κού
1099 1363 1243 1404 λαλῶν
1280 1378 1354 1419 pro
1391 1361 1464 1404 καί
1500 1377 1578 1405 του
1605 1363 1685 1405 λα-

235 1430 343 1490 βών,
373 1436 506 1475 locum
536 1435 592 1474 ita
623 1435 769 1474 edidit:

378 1500 548 1556 ἔκρουσε
580 1498 777 1543 πόλυπόν
805 1497 914 1541 τιν’·
946 1498 969 1542 ὁ
999 1498 1049 1542 ‹5’
1080 1498 1286 1557 ἐπρήσθη
1315 1499 1392 1543 κού
1419 1501 1562 1543 λαλῶν

378 1565 459 1612 ὅλα
483 1567 646 1627 ῥήματ’
678 1598 733 1604 -—
1510 1623 1523 1626 -.

239 1646 293 1686 At
331 1656 464 1695 neque
502 1638 698 1682 πόλυπον
736 1644 778 1683 in
818 1643 939 1682 attico
982 1647 1104 1694 poeta
1142 1643 1244 1684 ferri
1283 1646 1439 1696 potest,
1477 1655 1555 1683 nec
1590 1636 1677 1690 τίν’

240 1715 345 1757 bene
384 1713 459 1754 sub
494 1713 619 1752 ictum
649 1713 775 1761 cadit,
817 1726 892 1752 nec
929 1704 1009 1751 ὅλα
1051 1714 1231 1753 unimam
1269 1713 1434 1764 corripit
1471 1717 1565 1752 ante
1600 1707 1681 1767 ῥή-

233 1797 372 1836 ματα.
430 1783 533 1824 Vide
563 1782 613 1821 ad
643 1781 837 1821 Pherecr.
866 1795 907 1833 p.
936 1783 1033 1822 304.
1098 1783 1190 1821 Non
1221 1781 1395 1821 dubitari
1423 1786 1558 1833 potest
1586 1782 1682 1836 quin

236 1855 355 1908 plura
384 1852 619 1892 exciderint.
678 1851 832 1890 Locum
861 1852 918 1890 ita
946 1851 1038 1891 fere
1065 1850 1366 1891 constituerimz

405 1917 578 1974 ἔκρουσε
608 1913 858 1959 πουλύπουν
887 1914 996 1958 τίν’·
1028 1915 1051 1958 ὁ
1082 1914 1130 1956 δ’
1162 1914 1367 1972 ἐπρήσθη
1423 1925 1443 1946 *
1501 1923 1520 1946 *

402 1994 420 2014 *
478 1993 495 2013 ⁴¹
555 1990 572 2011 *
632 1990 649 2011 *
708 1993 725 2014 *
782 1978 888 2044 κᾷτ’
916 1984 966 2028 οὐ
997 1985 1142 2027 λαλῶν
1171 1985 1224 2026 τὰ
1253 1983 1428 2043 ῥήματα

401 2051 489 2109 ἅλ’,
518 2053 628 2097 ἀλλὰ
658 2056 882 2111 συλλαβὴν
910 2053 1098 2112 ἀφελών,
1126 2052 1266 2111 τάρων
1295 2055 1436 2109 βολῶν

401 2121 560 2182 γένοιτ’
592 2123 660 2179 ἄν,
689 2117 827 2167 εἶπεν·
860 2125 884 2178 ἡ
915 2126 960 2167 δὲ
989 2127 1167 2182 κέστρας
1194 2124 1274 2167 κτῶ
1308 2126 1463 2179 βολῶν.

238 2200 373 2242 Verba
403 2194 427 2237 ὁ
458 2193 503 2236 δ’
520 2192 727 2252 ἐπρήσθη
756 2199 808 2238 de
838 2199 983 2239 eodem
1013 2199 1165 2239 cetaria
1193 2198 1457 2251 intelligenda
1484 2203 1591 2241 sunt.
1620 2200 1682 2252 **)

329 2346 360 2387 ‘)
395 2345 487 2378 Male
520 2343 600 2377 olim
632 2343 675 2375 de
706 2342 882 2386 Euripidis
908 2344 1064 2389 Telepho
1101 2344 1267 2388 cogitavi,
1306 2356 1406 2389 quem
1437 2341 1615 2386 στωμύλον
1646 2345 1702 2377 et:

238 2402 350 2439 δεινὸν
373 2405 480 2447 λέγειν
510 2402 687 2436 inductum
718 2402 825 2436 fuisse
861 2407 994 2438 constat
1017 2415 1060 2437 ex
1083 2403 1255 2448 Aristoph.
1278 2404 1423 2438 Acharn.
1447 2402 1525 2435 437.
1572 2401 1702 2450 Tele-7

238 2464 338 2507 phum
362 2466 499 2507 praeter
533 2461 738 2504 Aeschylum
762 2465 797 2495 et
819 2463 1020 2507 Euripidem
1044 2463 1255 2508 scripserunt
1277 2461 1449 2504 Agathou,
1488 2460 1678 2506 Cle0ph0n‚
1697 2456 1702 2500 .

237 2523 427 2557 Moschion.
1700 2507 1702 2516 ¹

308 2590 358 2633 ”’)
388 2591 439 2623 Ita
471 2590 539 2623 iam
562 2586 742 2628 Homerus}
765 2588 861 2623 Iliad.
886 2586 923 2623 θ’
949 2590 1034 2624 302:
1067 2589 1124 2622 καὶ
1154 2583 1218 2621 τοῦ
1239 2589 1302 2631 μέν
1335 2585 1370 2632 ῤ’
1397 2581 1607 2630 ἀφάμαρθ’.
1649 2582 1673 2619 ’ὃ
1698 2619 1702 2641 Ι

239 2645 279 2684 δ’
306 2647 471 2693 ἀμύμονα
496 2649 728 2693 Γοργυθίωνα
759 2668 804 2675 -—
837 2647 922 2682 κατὰ
947 2652 1079 2691 στῆθος
1110 2644 1210 2690 βάλεν
1241 2647 1294 2689 ἰῷ.
1348 2645 1433 2680 lbid.
1456 2646 1542 2680 320:
1570 2641 1702 2699 αᾶτόςῆ

237 2705 277 2744 6²
305 2711 339 2743 ἔκ
370 2709 511 2752 δίφροιο
540 2708 652 2751 χαμαὶ
685 2704 774 2752 θόρε
803 2726 848 2733 —-
878 2708 1069 2752 σμερδαλέα
1104 2703 1224 2747 ἰάχων·
1265 2704 1284 2738 ὁ
1319 2706 1356 2739 δὲ
1383 2705 1568 2751 χερμάδιον
1597 2704 1702 2750 λάβοη
