1656 3146
249 156 332 196 738

249 259 544 320 ταρτημόριον
572 278 647 318 pro
678 258 1014 318 τεταρτημόριον
1042 261 1138 303 315.

254 333 425 388 Τέχνων
453 347 602 375 nomen
633 334 843 387 proprium
872 333 968 374 524.

249 404 481 445 Telamonii
510 403 672 457 colaphi
702 403 797 443 358.

250 473 464 514 Telemahi
493 473 588 522 ona,
618 474 875 526 proverbium
904 483 1095 526 graecum
1123 470 1220 510 594.
1280 495 1282 499 f

253 542 467 595 Telephus
496 536 670 595 ἄφωνος
698 542 794 583 314.

251 611 463 664 Telephus
492 610 650 652 fabulas
680 613 819 665 plures
850 611 1030 651 docuere
1060 609 1158 649 314.

252 679 447 721 Telestae
476 680 592 721 locus
623 682 860 722 emendatus
890 681 971 720 179
1002 692 1062 732 sq.
1091 679 1173 719 637
1203 689 1263 729 sq.

248 747 418 802 τέμνειν
446 744 604 801 κύβους
633 755 675 790 et
702 751 849 790 similia
877 749 974 789 471.

248 823 449 859 terrarum
478 821 698 873 generibus
726 820 845 860 variis
873 818 1092 858 utebantur
1121 830 1195 869 pro
1225 829 1328 856 rane
1357 816 1425 856 21.

247 884 492 929 τευθίδιον.
522 890 574 929 de
604 902 794 930 mensura
819 888 940 927 huius
970 886 1141 927 nominis
1171 885 1267 926 335.

248 957 422 998 Theano
452 958 643 999 meretrix
672 958 834 1011 gracilis
867 956 934 996 15.

249 1027 501 1068 Themistius
530 1027 638 1067 vind.
668 1027 763 1067 264.

248 1096 462 1149 Theognis
491 1096 587 1137 515.
618 1096 714 1136 533.

248 1165 542 1219 Theognostus
572 1165 733 1206 emend.
765 1167 860 1207 232.

244 1231 420 1274 θεῶσαι
448 1240 490 1275 et
518 1230 736 1287 θεώματα
765 1250 839 1288 pro
870 1233 1060 1276 θειῶσαι
1089 1239 1131 1277 et
1159 1227 1392 1285 θειώματα
1420 1230 1518 1272 275.

246 1304 466 1346 Thericlea
494 1306 640 1358 pocula
669 1306 765 1347 221.

244 1372 558 1428 θερμολουτεῖν
587 1379 629 1415 et
656 1373 995 1430 θερμολουτρεῖν
1023 1376 1121 1415 412.

244 1439 461 1498 θράττειν
490 1445 542 1485 de
567 1449 687 1486 cantu
714 1446 879 1486 auribus
909 1447 1082 1487 molesto
1111 1444 1195 1484 574
1224 1455 1282 1494 sq.

244 1512 429 1567 θρέμμα
459 1510 695 1568 Καρύστου
724 1516 776 1555 de
805 1516 887 1556 olla
913 1514 1102 1568 Carystio
1131 1513 1297 1560 dictum,
1327 1514 1368 1550 et
1397 1508 1542 1551 similia
1570 1509 1636 1548 99.

243 1580 499 1638 θριδακίνῃ.
531 1585 582 1624 de
611 1597 802 1624 mensura
829 1586 953 1626 huius
982 1586 1093 1626 vocis
1121 1583 1217 1623 309.

247 1654 514 1708 Thucydides
543 1655 638 1694 315.
668 1655 764 1695 619.

247 1724 491 1777 Thudippus
521 1725 784 1766 Atheniensis
812 1724 908 1763 604.

245 1791 525 1846 θυγατρίζειν
552 1795 714 1835 Araroti
744 1782 977 1833 restitutum
1008 1793 1104 1833 274.

244 1859 392 1903 τίλτον
420 1869 461 1903 et
489 1861 636 1904 τιλτὸν
665 1864 760 1904 280.

244 1930 323 1982 τίς,
362 1946 459 1975 usus
488 1934 650 1985 quidam
679 1934 800 1972 huius
830 1930 999 1971 voculae
1027 1931 1069 1971 ln
1100 1927 1164 1976 τίς
1197 1926 1430 1982 Θηρικλῆς,
1460 1942 1515 1970 ne
1548 1928 1656 1969 Ther

301 2003 384 2044 cles
414 2004 591 2057 quidem,
620 2007 661 2042 et
691 2001 888 2042 similibus
917 2000 1013 2039 226.

244 2068 325 2123 τίς,
352 2070 456 2122 πῶς,
484 2072 622 2122 ποῖος,
648 2072 718 2112 ubi
749 2073 939 2122 expectes
968 2059 1105 2119 ὅστις,
1134 2060 1262 2119 ὅπως,
1292 2064 1441 2115 ὁποῖος
1468 2069 1509 2107 9.

246 2142 486 2195 Tithymalli
514 2142 679 2195 parasiti
707 2144 924 2193 paupertas
953 2137 1050 2178 605.

244 2207 468 2266 τράχηλοι,
494 2224 765 2265 purpurarum
795 2210 974 2251 cervices
1002 2207 1174 2248 seorsim
1205 2207 1497 2260 coqui‘solitae
1524 2206 1620 2247 237.

245 2283 550 2335 τριακοσταΐος
576 2282 671 2322 271.

246 2349 441 2393 Triballis
472 2358 757 2405 comparantur
785 2351 1082 2394 adolescentuli
1110 2366 1283 2407 nequam
1311 2353 1406 2393 243.

244 2417 807 2474 τριβαλλαμαμμόθρεητος
833 2422 930 2462 243.

246 2487 473 2544 τρίχορδον
502 2498 543 2532 et
571 2487 791 2545 τρίχορδος
821 2491 916 2532 345.
1620 2496 1656 2538 2³1

249 2560 448 2612 triobolus
477 2562 691 2614 prostibuli
720 2564 895 2614 pretium
925 2561 1021 2601 140.
1619 2550 1656 2602 351

246 2629 473 2684 τροπωτὴρ
502 2626 662 2684 φλεβός
691 2631 785 2671 615.
1623 2619 1625 2621 μ

195 2739 203 2743 ,
244 2695 462 2754 τροχάζειν
489 2714 564 2755 pro
594 2700 754 2755 τρέχειν
781 2701 831 2742 ab
859 2699 1060 2745 Atticlstls
1087 2698 1286 2742 reiectum
1312 2699 1409 2740 2⁰3.

1631 2711 1638 2727 Χι
1622 2620 1639 2662 Le,
