1702 3158
202 187 286 227 mo
678 216 685 222 ,
813 177 1026 219 EUBULI

202 305 409 348 ρυγγες,
454 285 761 348 ἀλλοτρίων
805 282 1042 327 κτεάνων
1084 285 1537 342 παραδειπνίδες,
1597 289 1651 334 οὐ

199 360 256 417 χώ
290 356 522 416 προπάτωρ
551 356 672 412 ὑμῶν
686 355 957 409 Διογένης-
977 353 1121 409 ἔλεγεν
1149 353 1282 412 ἄρτον
1310 355 1483 399 ἐσθίειν
1509 360 1650 411 καλῶς

203 431 510 486 πεποιημένους
549 425 666 479 ὑμεῖς
694 423 743 466 δ’
768 415 807 465 ὦ
837 421 1244 479 λοπαδάγχναι,
1274 424 1386 468 κατὰ
1412 426 1490 469 τὸν
1517 427 1652 471 αὐτὸν

202 501 386 552 ποιητὴν
410 496 648 551 Εὔβουλον,
677 492 886 536 λευκῶν
913 491 1388 550 ὑπογαστριδίων,
1416 495 1571 554 ἑτέροις
1597 497 1651 541 οὐ
1690 526 1695 529 -

200 567 553 624 παραχωροῦντες
568 564 856 620 φθέγγεσθαι
883 562 961 613 τὰς
988 561 1170 619 ἡσυχίας
1199 562 1276 605 οὐκ
1306 562 1444 618 ἄγετε.
1473 569 1651 611 Disiecta
1696 563 1702 566 ’

201 648 348 695 poetae
377 639 557 680 membra
587 650 610 677 a
640 637 823 676 Porsono
867 636 918 675 ad
946 637 1154 676 trimetros
1194 641 1382 676 revocata
1419 638 1475 678 ita
1504 628 1650 680 conso-

203 712 304 751 ciavi
344 713 390 748 ut
427 720 569 748 versus
607 705 896 758 ithyphallicus
932 706 1091 745 medius
1119 706 1228 745 inter
1256 706 1358 746 duos
1388 706 1648 749 hexametros

200 781 356 833 positus
395 778 470 826 sit,
510 777 631 829 plane
668 779 714 814 ut
741 762 894 814 factum
925 780 987 814 est
1015 775 1065 813 ab
1096 775 1293 827 Euripide
1326 776 1520 817 Androm.
1552 778 1647 819 117.

201 851 335 889 Locus
378 847 555 887 fortasse
591 845 642 883 ad
679 843 796 884 Echo
832 843 1009 883 fabulam
1049 843 1289 883 referendus
1325 848 1413 894 est,
1453 846 1493 886 in
1533 847 1648 887 cuius

202 917 391 959 dramatis
419 915 648 967 fragmento
679 912 786 964 quod
806 926 847 965 p.
865 913 946 952 222
976 913 1160 965 apposui,
1190 913 1332 953 eadem
1362 919 1424 954 est
1453 927 1645 955 numero-

200 1000 289 1027 rum
319 984 581 1026 consociatio.
626 982 768 1021 Priora
797 993 926 1032 usque
954 981 1005 1022 ad
1032 977 1377 1035 παραδειπνίδες,
1409 985 1557 1023 omisso
1587 987 1648 1024 ta-

201 1069 292 1096 men
323 1053 562 1106 pronomine
591 1040 725 1100 οὗτοι,
754 1050 941 1102 apposuit
969 1050 1089 1090 etiam
1117 1051 1356 1091 Eustathius
1384 1065 1425 1104 p.
1442 1051 1551 1091 1058
1581 1052 1649 1093 12.

202 1125 337 1166 Verba
386 1114 674 1165 ἀνιπτόποδες
708 1113 1022 1170 χαμαιευνάδες
1059 1132 1108 1159 ex
1145 1120 1365 1160 Homerico
1408 1121 1500 1161 loco
1531 1121 1648 1162 Iliad.

202 1187 243 1232 π’
274 1191 356 1232 235
385 1204 408 1230 a
437 1190 556 1230 Sellis
586 1189 636 1228 ad
667 1189 864 1241 parasitos
893 1188 1084 1228 translata
1113 1193 1219 1228 sunt.
1283 1185 1649 1241 Παραδειπνίδες,

201 1263 278 1304 nisi
318 1261 456 1312 (quod
483 1272 563 1300 non
591 1260 722 1311 puto)
758 1258 966 1310 opprobrii
1005 1270 1123 1298 causa
1162 1258 1327 1310 parasiti
1353 1257 1548 1299 feminino
1577 1271 1650 1312 ge-

201 1344 300 1373 nere
326 1329 637 1382 compellantur,
666 1327 902 1367 mutandum
931 1327 973 1367 in
1001 1315 1354 1379 παραδειπνίδαι,
1387 1328 1437 1367 de
1466 1340 1545 1379 quo
1574 1340 1650 1368 no-

202 1401 353 1442 minum
394 1410 548 1450 genere
586 1397 706 1436 docta
746 1400 855 1436 extat
891 1396 1099 1435 annotatio
1130 1395 1323 1436 Lobeckii
1351 1397 1401 1435 ad
1429 1396 1646 1449 Sophoclis

202 1471 311 1513 Aiac.
340 1467 506 1521 p.,389.
565 1465 639 1505 Cfr
667 1477 770 1517 quae
798 1465 886 1517 ipse
917 1465 1125 1517 composui
1154 1465 1204 1505 ml
1236 1465 1390 1505 Cratini
1416 1465 1648 1507 ArchiLIX

200 1553 241 1592 p.
270 1539 339 1578 22.
394 1536 581 1586 Denique
608 1529 884 1586 λοπαδάγχαι
911 1546 984 1586 pro
1013 1528 1314 1585 λοπαδάγχναι
1342 1535 1485 1586 scripsi
1514 1547 1539 1575 e
1567 1534 1648 1575 Da-

201 1607 390 1659 lecampii
434 1604 690 1652 coniectura,
741 1603 810 1655 qui
854 1602 975 1643 vertit
1011 1604 1256 1656 patinarum
1306 1602 1649 1657 strangulatam.

201 1678 333 1720 Versu
369 1675 491 1715 tertio
526 1673 658 1726 possis
697 1673 910 1712 articulum
949 1674 1179 1726 praefigere
1216 1670 1303 1714 τῶν
1339 1668 1511 1715 λευκῶν.
1564 1670 1683 1714 Sedl

201 1745 377 1789 fortasse
407 1740 573 1783 λευκῶν,
591 1746 832 1797 corruptum
862 1745 938 1783 est.

862 1890 995 1932 XVII.

395 1970 578 2024 Πολλοί,
607 1967 815 2027 φυγόντες
845 1968 1072 2021 δεσπότας,
1105 1969 1328 2025 ἐλεύθεροι

395 2054 515 2104 ὄντες
544 2052 675 2096 πάλιν
704 2052 877 2105 ζητοῦσι
907 2051 988 2103 τὴν
1017 2050 1156 2105 αὐτὴν
1184 2050 1369 2109 φάτνην.

310 2169 510 2210 Stobaeus
539 2168 684 2210 Floril.
716 2167 868 2208 LXXll
898 2167 952 2207 32
981 2179 1072 2208 cum
1101 2168 1291 2209 lemmate
1319 2160 1558 2220 Εὐβούλου.

850 2305 1002 2347 XVIII.

419 2384 584 2435 Λύτοῖς
613 2387 658 2427 δὲ
687 2387 776 2435 τοῖς
803 2358 952 2427 θεοῖσι
980 2383 1061 2435 τὴν
1086 2385 1234 2442 κέρκον
1261 2382 1402 2441 μόνην

417 2470 492 2510 καὶ
519 2469 661 2526 μηρὸν
687 2466 833 2523 ὥσπερ
861 2467 1171 2524 παιδερασταΐς
1199 2467 1345 2511 θύετε.

312 2581 502 2622 Clemens
540 2581 655 2622 Alex.
693 2581 842 2623 Strom.
873 2582 950 2623 VII
977 2595 1018 2635 p.
1047 2583 1130 2622 716
1163 2581 1229 2621 ed.
1266 2580 1378 2621 Col-z
1421 2573 1644 2631 Εὔβουλος

201 2646 246 2688 δὲ
275 2643 299 2688 ὃ
328 2648 401 2688 καὶ
429 2646 559 2697 αὐτὸς
588 2647 772 2703 κωμικὸς
799 2641 882 2690 οἶδε’
911 2663 1000 2698 πως
1038 2648 1135 2704 περὶ
1176 2645 1260 2688 τῶν
1288 2645 1462 2688 θυσιῶν
1489 2644 1643 2704 γράφει

200 2713 361 2766 Λῦτοῖς
389 2715 435 2758 δὲ
462 2719 550 2766 τοῖς
577 2717 726 2759 θεοῖσι
752 2717 843 2760 κτλ.
