1702 3158
248 190 302 229 92
793 187 1077 230 ΛΝΤΙΡΗΑΝ
1084 189 1131 230 IS

469 291 608 350 Σύρος
632 292 682 335 τὸ
699 283 833 347 ἱγένος
859 292 941 335 ‹Ilv-
969 294 1201 351 περιτυχών
1231 293 1277 335 δ’
1311 293 1414 348 ἡμῖν
1442 292 1511 335 ὁδὶ

463 378 788 434 κηρυττομένοις
816 375 1108 430 ὀβολοστάτης
1134 375 1194 418 ὢν
1222 377 1412 434 ἐπρίατο,

409 464 436 503 5
464 458 700 515 ἄνθρωπος
731 456 1053 515 ἀνυπέρβλητος
1081 457 1139 510 είς
1170 461 1394 518 πονηρίαν,

464 543 657 591 τοιοῦτος
686 537 778 592 οἷος
806 544 942 597 μηδὲν
970 540 1028 593 εἰς
1055 543 1134 595 την
1160 540 1304 587 οἰκίαν

459 625 570 681 μηδ’
597 618 660 666 ὦν
687 624 710 667 ὁ
741 624 1018 682 Πυθαγόρας
1046 628 1200 677 ἐκεῖνος
1229 626 1390 679 ἤσθιεν

461 707 486 750 ὁ
515 707 867 765 τρισμακαρίτης,
893 706 1105 766 εἰσφέρειν
1133 709 1211 763 ἔξω
1239 709 1404 767 θύμου.

347 822 583 864 Athenaeus
612 823 671 864 111
702 836 740 876 p.
772 825 853 863 108
869 837 914 864 οε
954 820 1007 862 τὰ
1041 822 1085 863 ἐκ
1112 822 1347 873 Νεοττίδος
1382 822 1677 882 Ἀντιφάνους

235 887 338 931 τάδε
367 891 485 939 Παῖς
512 887 573 931 ὢν
600 891 688 933 κτλ.
749 894 817 934 Vs.
849 894 870 932 1
903 894 1003 940 παῖς
1032 896 1080 934 A.
1125 897 1252 935 ceteri
1281 894 1382 943 πῶς.
1440 922 1493 929 —
1551 898 1621 938 Vs.
1650 897 1677 936 3

236 960 472 1014 περιτυχών
501 960 546 1001 δέ
573 974 650 1013 μοι
679 958 747 1001 ὁδὶ
776 963 823 1002 Β.
867 988 922 995 --
963 965 1032 1006 Vs,
1063 965 1089 1003 4
1118 964 1446 1018 κηρυττομένοις
1473 967 1558 1007 AL.
1600 978 1676 1014 κη-

235 1030 494 1084 ρυττομένης
511 1034 555 1072 Β.
586 1026 896 1083 κηρυττόμενος
917 1033 999 1073 PV.
1029 1028 1320 1083 ὀβολοστήτης
1349 1037 1395 1075 Β.
1431 1032 1608 1089 ε’πριᾶτο
1625 1037 1674 1076 A·

235 1102 390 1142 Vocem
413 1095 706 1151 ὀβολοστάτης
734 1115 784 1141 ex
813 1103 976 1142 comicis
1006 1103 1127 1143 affert
1157 1104 1326 1144 Photius
1355 1105 1491 1156 p.314
1523 1106 1590 1146 16.
1620 1129 1673 1136 —-

234 1171 344 1211 Vas
373 1165 732 1223 τρισμακάριστος
760 1171 825 1211 vel
853 1163 1185 1224 τρίσμακάριτος
1213 1173 1320 1213 MSS
1350 1174 1588 1215 Casauboni.

914 1283 967 1323 ΙΙ.

425 1358 482 1403 ‘O
510 1359 721 1413 δεσπότης
745 1361 791 1403 δὲ
821 1359 964 1404 πάντα
994 1363 1048 1404 τὰ
1077 1363 1195 1419 παρὰ
1223 1364 1301 1406 τοῦ
1329 1364 1492 1421 πατρὸς

425 1444 648 1498 ἀπέλαβον
672 1439 817 1502 ὥσπερ
843 1445 1011 1501 ἔλαβεν.
1067 1447 1123 1491 Β.
1151 1445 1376 1502 ἠγάπησεν
1403 1445 1458 1490 ἂν

422 1528 473 1571 τὸ
502 1528 620 1588 ῥῆμα
647 1527 776 1572 τοῦτο
806 1529 1074 1587 παραλαβών
1100 1532 1402 1587 Δημοσθένης.

341 1633 578 1674 Athenaeus
607 1634 685 1674 VH
709 1646 749 1684 p.
778 1633 860 1672 223
875 1646 920 1672 e:
950 1632 1239 1686 Δημοσθένης
1271 1630 1494 1674 Φιλίππου
1518 1628 1671 1682 Ἀθη·
1696 1644 1698 1647 ’

230 1699 370 1750 ναίοις
399 1698 677 1751 Ἀλόννησον
716 1697 914 1749 διδόντος
951 1698 1231 1754 συνεβούλευε
1267 1700 1327 1756 μή
1368 1698 1607 1756 λαμβάνειν
1633 1696 1675 1742 εἰ

230 1770 412 1813 δίδωσιν
448 1767 559 1810 ἀλλὰ
595 1767 654 1822 μὴ
695 1765 990 1820 ἀποδίδωσιν,
1026 1764 1131 1825 ὅπερ
1162 1768 1435 1825 Ἀντιφάνης
1460 1771 1506 1811 ἐν
1534 1771 1669 1811 Νεοτ-

227 1841 317 1882 τίδι
346 1838 527 1881 παιδιὰν
545 1839 729 1891 θέμενος
757 1838 974 1892 ἐρεσχηλεῖ
996 1837 1117 1879 τόνδε
1149 1838 1224 1880 τὸν
1255 1837 1414 1894 τρόπον
1439 1837 1483 1880 Ὁ
1512 1837 1669 1881 δεσπό-

228 1925 303 1962 της
333 1909 421 1951 κτλ.
480 1911 724 1950 Plutarchus
753 1911 803 1951 V.
835 1911 1044 1951 Demosth.
1075 1925 1162 1964 cap.
1194 1913 1241 1951 9:
1277 1908 1363 1950 τῶν
1399 1908 1444 1949 δὲ
1473 1908 1668 1962 κωμικῶν

226 1978 251 2022 ὁ
279 1980 359 2030 μέν
388 1993 452 2026 τις
477 1976 611 2018 αὐτὸν
625 1980 984 2029 (Demosthenem)
1000 1977 1212 2019 ἀποκαλεῖ
1227 1975 1668 2034 ῥωποπερπερήθραν,
1692 1990 1694 1993 ’

225 2047 250 2092 ὁ
279 2049 325 2090 δὲ
353 2044 681 2103 παρασκώπτων
707 2044 764 2095 ὠς
788 2045 1009 2102 χριόμενον
1029 2047 1088 2105 τῷ
1113 2045 1342 2104 ἀντιθέτῳ,
1371 2049 1508 2104 φησὶν
1536 2042 1669 2097 οὕτως

222 2118 468 2171 Ἀπέλαβεν
502 2111 647 2171 ὥσπερ
675 2114 831 2170 ἔλαβεν
856 2117 944 2158 κτλ.
1018 2121 1087 2161 Vs.
1121 2122 1141 2159 1
1186 2133 1259 2171 pro
1286 2113 1431 2173 ὥσπερ
1461 2122 1668 2161 Dobraeus

224 2192 327 2232 Δάν.
359 2190 396 2230 11
428 2204 466 2241 p.
497 2189 579 2227 309
609 2179 794 2241 ὅσαπερ,
832 2201 910 2240 quo
940 2190 1004 2228 vix
1033 2202 1134 2241 opus
1164 2195 1238 2229 est.
1295 2194 1363 2222 —'
1410 2191 1477 2231 Vs.
1507 2191 1532 2229 2
1561 2185 1667 2239 ἠγά-

214 2271 334 2314 πησε
363 2254 444 2311 γὰρ
461 2258 716 2305 Plutarchus,
745 2258 853 2297 unde
885 2259 1091 2298 Dobraeus
1120 2259 1170 2298 ad
1200 2259 1405 2311 Aristoph.
1436 2261 1541 2300 Nub.
1560 2261 1667 2300 1382

224 2331 404 2371 tentabat
431 2322 628 2379 ἠγάπησέ
655 2322 697 2378 y’
733 2322 798 2368 ἄν,

912 2410 982 2449 Ill.

337 2495 571 2534 Athenaeus
602 2492 699 2532 Xlll
737 2506 776 2544 p.
806 2493 887 2532 586
904 2507 944 2532 a:
984 2488 1240 2544 μνημονεύει
1278 2488 1326 2530 δ’
1351 2487 1482 2539 αὐτῆς
1517 2493 1690 2538 (Sino--

225 2576 306 2616 peu
322 2563 439 2612 dicit)
466 2557 736 2614 Ἀντιφάνης
765 2561 810 2600 έν
836 2557 1122 2615 Ἀρκάδι.καὶ
1152 2560 1196 2602 έν
1214 2557 1440 2615 Κηπουρῷ,
1469 2559 1513 2599 ἐν
1537 2556 1663 2602 Ἀκε-

227 2627 368 2687 στρίᾳ,
398 2629 442 2670 έν
471 2628 685 2672 Νεοττίδι.
