1702 3158
191 182 275 223 40⁰
793 175 1051 217 ALEXIDIS

652 339 1184 385 ΓΑΛΑΤΕΙΑ.

904 467 936 508 Ι.

412 550 468 595 ‘O
499 546 711 602 δεσπότης
739 547 873 606 οὑμὸς
901 551 998 607 περὶ
1028 549 1180 604 λόγους
1208 546 1290 607 γάρ
1320 565 1422 593 ποτε

414 635 607 692 διέτριψε
637 635 913 691 μειρακίσκος
940 632 1003 677 ὢν
1031 635 1102 677 καὶ
1134 635 1392 691 φιλοσοφεῖν

415 720 620 762 ἐπέθετο·
652 721 900 776 Κυρηναῖος
928 711 984 772 ἦν
1011 718 1212 761 ἐνταῦθά
1238 734 1315 772 τις,

414 799 471 854 ιῖίς
502 802 632 859 (sats,
660 802 960 862 Ἀρίστιππος,
991 802 1204 859 σοᾳιστής
1231 800 1404 858 εὐφυής,

358 890 384 930 5
412 888 581 942 μᾶλλον
609 888 654 929 δὲ
684 885 912 945 πρωτεύων
940 884 1145 930 ἁπάντων
1174 886 1259 928 τῶν
1288 884 1395 940 τότε,

412 968 628 1027 ἀκολασίᾳ
656 987 701 1012 τε
730 973 817 1012 τῶν
844 969 1082 1026 γεγονότων
1111 970 1341 1026 διαφέρων.

411 1050 551 1110 τούτῳ
578 1050 793 1095 τάλαντον
822 1054 924 1103 δοὺς
952 1052 1162 1108 μαθητὴς
1190 1052 1382 1107 γίγνεται.

414 1134 438 1178 ὁ
469 1134 695 1190 δεσπότης.
750 1138 825 1179 καὶ
855 1136 935 1189 τὴν
962 1137 1115 1192 τέχνην
1143 1138 1222 1192 μὲν
1250 1133 1302 1177 οὐ
1330 1131 1444 1177 πάνυ

413 1220 616 1277 ἐξέμαθε,
647 1220 728 1274 τὴν
758 1219 807 1263 δ’
838 1218 1053 1278 ἀρτηρίαν
1081 1218 1371 1276 συνήρπασεν.

305 1336 542 1378 Athenaeus
571 1338 649 1378 XII
683 1351 722 1391 p.
752 1337 899 1378 5442:
935 1333 1151 1392 κωμῳδῶν
1190 1333 1235 1374 δὲ
1273 1330 1409 1374 αὐτὸν
1445 1331 1648 1384 (Aristip-

193 1407 321 1459 pum)
352 1401 529 1456 ''AM-519
569 1405 614 1445 ἐν
644 1404 865 1461 Γαλατείᾳ
908 1408 1026 1446 ποιεῖ
1059 1418 1157 1446 τινα
1184 1400 1442 1458 θεράποντα
1472 1399 1647 1454 διηγού-

193 1463 325 1528 μενον
372 1473 469 1529 περί
519 1488 636 1522 τινος
680 1473 766 1514 τῶν
803 1474 1024 1529 μαθητῶν
1068 1471 1170 1514 τάδε
1209 1471 1264 1514 ‘O
1302 1468 1512 1521 δεσπότης
1557 1468 1646 1511 κτλ.

192 1545 266 1587 Vs.
296 1545 323 1584 3
360 1557 437 1592 τις,
479 1547 587 1597 quod
627 1547 720 1585 libri
750 1559 808 1586 vs.
840 1547 866 1585 4
910 1551 1003 1599 post
1035 1542 1323 1599 ’Λρίστιππος
1352 1544 1526 1593 habent,
1563 1543 1644 1583 huc

193 1616 445 1667 transposuit
475 1615 902 1668 Schweighaeuserus.
935 1641 989 1648 —
1027 1616 1097 1657 Vs.
1129 1615 1155 1654 4
1185 1615 1305 1666 vulgo
1336 1608 1466 1666 ᾳησ’.
1495 1610 1648 1665 Scripsi

194 1678 311 1738 ‹pao'
345 1698 394 1725 ex
422 1686 470 1726 B.
527 1711 582 1718 —
644 1686 714 1727 Vs.
745 1686 772 1726 5
802 1683 888 1724 τῶν
917 1685 1073 1726 addidit
1103 1686 1379 1726 Casaubonus.
1424 1709 1479 1716 —
1521 1683 1591 1726 Vs.
1621 1682 1647 1721 6

192 1766 271 1807 pro
299 1748 516 1810 ἀκολασία
544 1755 719 1796 fortasse
748 1755 1007 1796 scribendum
1037 1750 1293 1808 ἀκολαστίᾳ.
1349 1754 1643 1795 Grammaticus

193 1825 372 1865 Bekkeri
402 1826 556 1866 Anecd.
587 1839 627 1878 p.
646 1827 728 1866 367
757 1826 836 1864 24:
863 1819 1077 1863 ἀκολασία
1098 1819 1367 1877 Θουκυδίδης
1394 1819 1488 1874 ἔφη,
1520 1817 1649 1862 ἀκο-

193 1889 401 1933 λαστὶα
432 1891 478 1933 δὲ
499 1889 688 1944 ”Αλεξις.
719 1920 773 1928 —
804 1895 876 1936 Vs.
902 1895 930 1934 7
959 1889 1174 1932 τάλαντον
1204 1887 1318 1938 δούς.
1350 1891 1508 1930 Primus
1538 1890 1647 1931 enim

195 1963 498 2005 Socraticorum
539 1964 616 2004 fuit
646 1964 878 2016 Aristippus
907 1964 976 2014 qui
1007 1962 1239 2003 mercedem
1269 1975 1293 2001 a
1323 1960 1531 2012 discipulis
1562 1960 1647 2000 exi-

192 2038 325 2087 geret,
354 2038 460 2073 teste
490 2034 675 2086 Diogene
704 2034 841 2073 Laert.
875 2033 911 2072 11
943 2032 1010 2073 65.
1052 2058 1106 2065 —
1151 2033 1220 2074 Vs.
1251 2033 1276 2071 9
1306 2025 1516 2083 ἀρτηρίαν
1546 2039 1648 2068 συν-

191 2100 402 2157 ήρπασεν.
459 2104 724 2144 casaubonus
765 2097 1030 2156 ἀρτυρίαν
1066 2103 1131 2142 vel
1168 2096 1437 2155 ἀρτυλίαν
1467 2099 1646 2140 scriben-

192 2174 290 2214 dum
332 2173 573 2226 suspicatur,
619 2173 869 2214 ordinariam
910 2179 1044 2213 artem
1086 2172 1334 2225 intelligens.
1403 2172 1644 2222 Utrumque,

191 2244 270 2285 etsi
309 2244 351 2284 in
381 2245 510 2284 lexica
546 2230 686 2283 nostra
719 2249 956 2296 receptum,
995 2243 1085 2282 sine
1115 2241 1301 2294 exemplo
1340 2245 1429 2281 est:
1468 2234 1646 2294 ἀρτυλία

190 2313 242 2354 ab
286 2314 495 2367 Hesychio
538 2318 742 2354 servatum
786 2317 928 2367 aperte
983 2326 1033 2353 ex
1075 2306 1248 2365 ἄρτυμα
1292 2315 1527 2363 corruptum
1571 2311 1644 2350 est.

192 2383 346 2424 Coraes
376 2384 485 2436 apud
515 2383 951 2435 Schweighaeuserum
981 2385 1112 2422 tentat
1141 2375 1351 2434 ἀρτηρίαν
1375 2391 1646 2419 συνεσπα-

193 2462 317 2500 σεν,
347 2454 550 2493 arteriam
570 2452 782 2505 pulmonis
808 2454 947 2505 rupit,
988 2452 1014 2492 i.
1045 2464 1080 2491 e.
1114 2463 1163 2491 eo
1194 2462 1323 2502 usque
1352 2450 1557 2502 saginatus
1586 2450 1646 2488 est

193 2525 240 2562 ut
278 2521 320 2562 in
357 2523 734 2574 peripneumoniam
770 2522 984 2561 incideret.
1054 2521 1114 2559 De
1149 2520 1227 2558 hoc
1266 2519 1468 2572 pulmonis
1505 2518 1645 2558 morbo

194 2591 316 2632 affert
344 2591 541 2644 Hippocr.
573 2592 626 2632 de
654 2593 727 2632 int.
759 2591 826 2631 aff.
859 2589 924 2643 §2
953 2590 1038 2639 (ed.
1069 2603 1143 2630 van
1175 2589 1248 2629 der
1277 2589 1394 2629 Lind.
1419 2589 1457 2629 11
1487 2602 1528 2642 p.
1543 2587 1645 2637 2⁰⁰)

194 2653 250 2710 ἢν
279 2657 325 2699 δὲ
354 2655 539 2714 ἀρτηρία
568 2657 760 2716 σπασθῇ
789 2655 820 2709 ἤ
847 2673 910 2707 τις
939 2656 1026 2698 τῶν
1061 2656 1103 2706 ἐς
1131 2655 1209 2698 τὸν
1233 2656 1456 2711 πλεύμονα
1485 2667 1644 2696 τεινου-

195 2727 285 2771 σῶν
301 2727 476 2786 φλεβῶν
497 2728 635 2770 ταῦτα
657 2726 815 2785 πάσχῃ,
844 2735 885 2771 et
908 2742 957 2771 ex
972 2730 1076 2771 libro
1097 2729 1115 2769 1
1146 2729 1198 2770 de
1218 2729 1372 2770 morbis
1401 2727 1495 2782 §33
1512 2740 1550 2780 p.
1566 2725 1642 2767 29:
