1702 3158
572 135 660 179 AN
669 131 900 176 ΤΙΛΑΙΣ.
1156 172 1158 174 ,
1397 129 1480 170 307

5 267 88 308 Pro
119 261 194 303 καὶ
223 258 299 300 νέα
329 258 460 311 magis
489 255 672 308 placeret
701 248 753 299 νὴ
786 244 885 290 Δία.
943 273 996 279 -
1040 246 1112 288 Vs.
1146 245 1199 286 17
1235 237 1481 296 Φαρνάβα-

7 335 92 386 ζον,
123 335 192 387 qui
224 335 368 384 utpote
396 331 557 378 satrapa
587 323 782 363 difficiles
812 319 992 360 habebat
1021 318 1167 358 aditus.
1215 342 1269 347 -
1324 316 1395 356 Vs.
1428 315 1483 354 18

9 402 198 459 δόλιχον.
260 400 525 442 Scribebatur
566 388 757 446 δολιχόν.
824 392 887 432 Ad
928 390 1149 430 dictionem
1190 382 1268 426 τὸν
1307 381 1485 439 δόλιχον

8 477 99 525 τοῖς
145 472 259 516 ἔτεσι
296 469 469 524 τρέχειν,
502 468 669 521 longum
700 466 817 504 vitae
855 462 1040 514 spatium
1070 459 1255 508 emetiri,
1294 471 1487 510 compara

7 549 171 590 Platon.
213 545 378 594 Protag.
409 554 451 593 p.
483 539 566 578 329
598 539 652 577 B:
697 533 740 574 οἱ
777 528 954 589 ῥήτορες
990 527 1152 584 σμικρὰ
1191 527 1488 583 ἐρωτηθέντες

10 615 187 671 δόλιχον
215 610 522 654 κατατείνουσι
551 605 630 648 τοῦ
659 602 802 658 λόγου.
865 605 926 644 lta
956 603 1066 642 enim
1097 601 1373 650 scribendum,
1404 614 1487 642 non

12 682 207 740 δολιχόν,
249 683 359 738 quod
399 682 475 721 etsi
511 681 568 720 ita
607 676 801 731 explicari
842 678 981 728 potest
1016 677 1062 713 ut
1105 673 1154 713 ab
1185 672 1301 714 Astio
1332 671 1488 711 factum

13 766 97 810 est,
138 758 311 798 multum
352 759 489 793 tamen
518 749 752 791 festivitatis
784 745 958 786 orationi
990 744 1147 784 accedit
1178 744 1213 783 si
1243 743 1284 782 in
1316 739 1492 794 δόλιχον

13 829 248 873 mutaveris.
280 827 529 879 Comparant
545 819 768 861 Phocionis
798 815 902 881 illud
931 816 1039 868 apud
1059 813 1328 855 Plutarchum
1348 814 1492 854 Praec.

13 902 130 957 polit.
161 913 201 952 p.
233 898 345 938 389:
376 890 512 934 καλὸν
542 889 591 930 τὸ
623 884 806 930 στάδιον
836 882 972 935 εἶναι,
1003 883 1197 924 δεδιέναι
1226 882 1270 922 δὲ
1302 882 1382 922 τοῦ
1410 897 1498 923 πο.,

13 971 148 1025 λέμου
176 964 254 1008 τὸν
284 961 471 1018 δόλιχον.
501 987 555 994 -—-
586 961 726 1003 vs.20
756 953 922 998 πτύσαι
951 970 1032 998 non
1064 958 1194 1010 magis
1223 955 1326 995 ferri
1355 960 1494 1008 potest

17 1055 139 1095 quam
178 1038 289 1092 quod
318 1034 552 1086 Sehweigh.
584 1032 759 1072 coniecit
789 1024 958 1070 πτίσαι.
1020 1029 1166 1070 Paullo
1196 1028 1332 1081 aptius
1363 1028 1495 1068 videri

18 1115 157 1167 potest
185 1105 331 1157 κύσαι,
361 1116 605 1158 quamquam
637 1114 714 1142 nec
742 1101 823 1140 hoc
853 1100 1020 1140 sufficit.
1066 1111 1123 1131 -’-
1167 1100 1237 1141 Vs.
1269 1100 1322 1138 21
1355 1099 1494 1151 paullo

21 1180 282 1224 numerosius
314 1181 422 1218 esset
453 1167 701 1226 πανταχόσε
734 1169 787 1220 δη
819 1170 1019 1223 πιομενη.
1063 1195 1117 1201 —-
1167 1171 1238 1211 Vs.
1268 1170 1323 1209 24
1361 1169 1496 1209 τιθα-

23 1249 100 1300 σὸς
129 1250 303 1304 γὲγονεν
332 1248 452 1290 ABC.
512 1238 734 1289 τιθασούς
766 1240 892 1294 γε’γον
928 1242 1049 1283 PVL.
1108 1237 1332 1287 τιθασσὸς
1374 1242 1496 1283 etiam

21 1322 264 1366 Eustathius
304 1319 355 1358 ad
386 1317 534 1369 Odyss.
567 1315 677 1355 1403
706 1315 775 1354 57.
848 1314 951 1353 Eam
987 1312 1165 1352 formam
1203 1317 1249 1351 ut
1286 1312 1367 1352 hoc
1404 1312 1530 1354 loco‘

19 1395 78 1434 ita
106 1392 260 1443 ubique
289 1393 467 1429 metrum
495 1386 667 1440 respuit.
738 1385 846 1424 Tum
886 1383 1077 1423 revocavi
1123 1395 1172 1423 ex
1203 1385 1238 1424 A
1269 1379 1495 1436 ‘pff-taran,

20 1477 98 1518 pro
137 1476 218 1516 quo
261 1461 369 1502 PVL
399 1455 598 1513 φίλτατε.
667 1457 817 1497 Utrum
857 1456 1010 1495 rectius
1047 1455 1121 1505 sit,
1160 1455 1376 1495 diiudicari
1418 1470 1499 1497 non

21 1538 173 1588 potest.

256 1689 475 1748 Tecpwriae’
504 1686 795 1745 ἐκμεμάθηκα
828 1689 966 1728 ταῦτα
998 1689 1219 1738 παντελῶς

250 1776 484 1832 Σαπφοῦς,
515 1773 739 1826 ΖἉελήτου,
770 1774 1058 1829 Κλεομένους,
1079 1772 1371 1829 Λαμυνθίου.

142 1892 381 1953 Athenaeus
410 1893 511 1933 an
543 1906 583 1945 p.
615 1891 760 1931 605e:
802 1885 915 1942 κάγώ
958 1887 1004 1929 δὲ
1043 1887 1156 1929 κατὰ
1186 1887 1266 1939 τὴν
1292 1885 1504 1945 Ἐπικρά-

29 1977 131 2011 τους
162 1959 432 2002 Ἀντιλαΐδα
454 1957 681 2016 Τάρωτικά
713 1959 801 2001 κτλ.
863 1963 932 2003 Vs.
952 1963 971 2000 1
1010 1962 1068 2002 lta
1087 1963 1298 2002 Dobraeus
1316 1965 1422 2015 App.
1453 1964 1504 2003 ad

30 2035 239 2088 Aristoph.
270 2049 311 2088 p.
343 2035 424 2075 125
456 2048 530 2087 pro
561 2029 742 2086 ἐρωτικὰ
770 2026 1028 2084 μεμάθηκα.
1060 2060 1116 2066 —
1146 2034 1216 2076 VS·
1236 2036 1262 2073 2
1296 2028 1505 2083 ,Μελήτου

31 2108 259 2149 Dobraeus.
299 2107 369 2147 AB
399 2104 508 2157 μέλη
539 2104 630 2146 τοῦ.
672 2106 780 2147 PVL
810 2102 918 2156 μέλη
950 2097 978 2153 ἢ
1008 2102 1097 2144 τοῦ.
1158 2106 1355 2155 maletus,
1388 2108 1505 2148 cuius

33 2178 214 2220 carmina
243 2178 438 2217 amatoria
468 2177 510 2216 h.
532 2177 560 2217 l.
591 2182 985 2225 commemorantur,
1016 2175 1127 2215 haud
1160 2176 1347 2217 diversus
1375 2176 1507 2219 fuisse

32 2249 197 2290 videtur
226 2260 250 2287 a
278 2248 436 2288 Meleto
467 2249 647 2301 tragico,
689 2252 927 2287 accusatore
957 2247 1152 2287 Socratis.
1219 2247 1280 2286 De
1321 2262 1370 2287 eo
1410 2250 1505 2290 vide

34 2318 164 2361 schol.
195 2318 375 2359 Platonis
390 2332 429 2371 p.
446 2319 542 2358 330.
602 2318 800 2358 Eiusdem
831 2318 958 2357 scolia
989 2323 1284 2357 commemorat
1296 2319 1506 2372 Aristoph.

35 2389 142 2429 Rau.
175 2389 297 2428 1302.
364 2389 424 2428 De
465 2389 690 2428 Cleomene
730 2393 853 2441 poeta
892 2389 974 2428 dixi
1014 2389 1065 2428 ad
1106 2389 1321 2429 Chionidis
1357 2390 1506 2443 fragm.

0 2473 79 2514 p.
115 2460 157 2498 7.
231 2459 498 2510 Lamynthius
542 2460 672 2511 patria
715 2459 794 2499 fuit
825 2459 1038 2508 Milesius,
1086 2459 1226 2511 Lydae
1276 2463 1506 2503 meretricis

0 2514 19 2564 ξ’
38 2541 179 2570 amore
210 2528 461 2578 nobilitatus,
492 2542 612 2582 quam
642 2530 712 2569 ille
742 2530 870 2583 lyrico
895 2531 1076 2569 carmine
1096 2530 1331 2573 celebravit.
1375 2533 1507 2573 Athe-

0 2619 14 2639 z
37 2612 165 2640 naeus
194 2598 295 2638 Xlll
327 2611 368 2650 p.
397 2599 479 2639 597
498 2613 545 2639 a:
583 2599 762 2653 προσέτι
794 2598 838 2637 δὲ
867 2599 941 2637 καὶ
972 2596 1052 2647 την
1083 2595 1317 2653 ὁμώνυμον
1346 2598 1505 2652 ταύτης

39 2668 292 2721 (Antimachi
323 2669 466 2721 Lyden
498 2670 613 2722 dicit)
645 2667 824 2723 ἑταίραν
848 2665 1024 2718 Λυδήν,
1057 2665 1112 2718 ἣν
1142 2667 1290 2723 ἠγάπα
1320 2669 1504 2726 Λαμύν-

2 2739 9 2754 ²
39 2737 145 2787 θιος
173 2734 197 2778 ὁ
228 2734 463 2788 Mcarjmogl
519 2736 714 2794 ἑκάτερος
753 2738 835 2793 γὰρ
875 2736 1041 2779 τούτων
1077 2740 1164 2781 τῶν
1192 2743 1409 2793 ποιητῶν,
1445 2737 1503 2792 ὥς
