1656 3146
243 136 330 180 'wo
871 141 1087 184 amns,

660 245 1266 296 HOAYKAEIA.

249 336 329 388 Qui
358 335 597 376 scitamenta
625 334 792 387 reperit,
822 337 891 388 pol
920 339 1044 378 scitus
1074 337 1173 378 fuit:
1629 353 1656 410 ᾗ

246 418 338 446 nam
367 404 474 445 bene
501 404 699 457 protraxit
728 405 882 458 epulas,
912 411 953 447 et
981 407 1079 447 fecit
1108 407 1227 447 simul

245 487 297 516 ne
326 486 430 527 quae
460 478 596 515 essent
624 486 800 527 unquam
830 477 1058 518 maxillares
1087 477 1229 518 feriae.

670 639 1235 683 HONHPA.

850 773 852 775 ,
951 726 1128 767 Naribus

240 799 491 850 unguentum
522 795 716 845 allinitur,
744 796 925 837 sanitatis
953 798 1124 837 maxima

239 880 343 921 quae
370 879 478 921 pars,
507 866 634 907 odore
664 865 877 906 cerebrum
907 865 1098 918 perfundi
1127 866 1247 908 bono.

643 1036 1285 1083 ΠΥΘΑΓΟΡΙΖΟΥΣΑ,

947 1123 980 1163 l.

237 1197 350 1248 Cape
379 1205 508 1246 aquae
537 1184 730 1234 decoctae
759 1193 973 1246 cyathum:
1003 1192 1038 1233 si
1066 1193 1232 1234 crudam
1264 1193 1377 1235 bibas

237 1267 316 1308 erit
343 1264 563 1306 insalubre.
928 1319 987 1359 ΠΙ
1074 1290 1076 1294 ⁴

992 1348 1003 1360 ⁹
1306 1362 1317 1389 x

236 1406 381 1447 Decuit
411 1404 588 1444 tolerare
618 1402 782 1454 paulum
812 1402 989 1452 sordem,
1018 1403 1210 1456 inediam,
1628 1434 1656 1480 ¹3!

237 1475 434 1524 illuviem,
461 1473 609 1525 frigus,
635 1470 848 1520 tristitiam,
878 1473 1097 1515 silentium.

727 1645 1181 1690 HYAAIAI.

236 1736 343 1779 Mihi
372 1733 531 1775 medius
559 1732 682 1773 fidius
711 1744 835 1784 saepe
863 1733 1053 1774 admirari
1082 1735 1183 1778 libet

231 1808 300 1861 qui
329 1807 401 1846 fiat
427 1808 474 1844 ut
500 1816 582 1844 non
611 1815 752 1843 omnes
781 1803 1050 1855 piscivenduli

232 1876 400 1918 summis
429 1874 682 1927 praeniteant
711 1874 869 1926 opibus,
900 1886 990 1914 cum
1021 1878 1102 1914 tam
1131 1877 1245 1929 regia

231 1947 382 1986 tributa
411 1943 629 1995 accipiant:
657 1956 748 1983 nam
778 1944 968 1983 sedentes
997 1945 1159 1996 publice

230 2029 311 2058 non
341 2018 435 2055 sunt
464 2013 644 2053 contenti
674 2013 870 2053 decumae
898 2014 1178 2066 vectigalibus,

231 2086 304 2127 sed
331 2096 477 2126 census
507 2087 614 2123 totos
643 2083 834 2124 hauriunt
861 2083 1059 2136 quotidie.

601 2258 644 2300 Σ
650 2256 821 2300 ΥΝΛΠ
829 2255 1100 2300 ΟΘΝΗΣΠ
1102 2257 1182 2300 ΟΝ
1188 2260 1314 2303 ΤΕΣ.

935 2344 966 2384 1.

680 2414 831 2455 Videas
859 2417 922 2454 sat
950 2414 1015 2454 vel
1043 2414 1139 2456 hinc
1167 2417 1403 2458 mortalibus

230 2483 431 2538 pernicies
459 2484 512 2524 sit
539 2487 687 2536 quanta
715 2488 872 2532 venter,
902 2496 1005 2535 quae
1034 2484 1191 2535 doceat,
1222 2486 1272 2526 ad
1302 2499 1405 2539 quae
1434 2488 1611 2532 incilet..
1604 2492 1650 2536 “,

229 2566 348 2596 unam
378 2554 483 2595 hanc
511 2558 668 2607 partem
697 2552 731 2595 si
760 2554 849 2606 quis
878 2557 1017 2594 nostro
1047 2555 1242 2596 demserit
1270 2557 1322 2598 de
1352 2571 1538 2613 corpore,
1602 2555 1656 2605 ἕ,

229 2636 349 2665 nemo
378 2624 565 2664 iniuriam
594 2623 703 2664 feret
732 2624 854 2674 ultro,
882 2635 1002 2664 nemo
1033 2626 1332 2668 contumeliam.
1646 2625 1650 2635 ¹

228 2698 269 2735 at
296 2706 403 2736 nunc
431 2694 552 2735 huius
580 2694 676 2735 vitio
706 2694 856 2747 ubique
883 2698 1028 2737 cuncta
1056 2696 1159 2737 fiunt
1187 2698 1362 2739 turbida.
