1702 3158
201 162 283 204 8⁰⁰
794 151 1051 199 Amelnls

312 273 548 315 Athenaeus
590 270 648 311 111
691 283 730 322 p.
762 269 843 309 117
860 282 905 309 e:
963 265 1009 307 ἐν
1054 264 1099 306 δὲ
1146 262 1205 321 τῷ
1258 262 1650 322 Ἀπεγλαυκωμένῳ

203 337 426 397 συμβολάς
465 354 529 388 τις
567 333 884 390 ἀπαιτούμενός
923 348 1034 390 φησι
1070 331 1194 388 Παρ’
1228 333 1333 387 ἐμοῦ
1365 335 1453 376 κτλ.
1522 335 1682 393 Κοπιο-

203 412 614 465 Schweighaeuserus
654 412 792 449 monet
829 407 940 459 loqui
981 407 1048 446 hic
1088 419 1180 446 eum
1222 420 1244 446 a
1274 418 1352 457 quo
1384 407 1655 458 poscebantur

205 482 425 534 symbolae,
456 480 609 519 scilicet
638 490 737 530 quas
766 477 836 517 ille
867 484 889 516 a
920 474 1122 521 sodalium.
1150 487 1396 527 unoquoque
1426 481 1652 527 acceperat,

205 557 251 591 ut
280 551 443 590 nomine
473 549 652 588 emulum
682 549 859 588 solveret
889 545 1065 599 pretium
1097 556 1176 597 quo
1217 550 1448 585 constarent
1478 551 1657 585 commu·
1695 592 1697 595 Α

206 633 280 660 nes
317 619 476 671 epulae.
542 618 583 658 Is
611 618 734 670 igitur
763 629 854 657 cum
895 627 1078 667 caupone
1113 615 1178 654 vel
1218 627 1371 666 coquo,
1409 615 1478 666 qui
1519 615 1658 666 epulas
1695 619 1699 646 -’

206 693 441 741 paraverat,
483 691 524 726 et
562 688 737 739 pretium
779 698 851 739 pro
891 685 950 724 eis
981 685 1100 724 nimis
1130 684 1283 736 grande
1313 685 1518 736 postulare
1547 684 1658 723 vide-

206 758 340 806 batur,
376 757 616 808 expostulat.
690 757 757 798 Vs.
790 756 811 794 l
853 749 995 793 πάντα
1028 751 1134 808 δῷς,
1171 755 1257 793 nisi
1287 755 1467 793 omnium
1494 753 1659 806 sigilla-

208 828 286 866 tim
313 827 518 865 rationem
547 825 793 864 reddideris.
853 824 892 864 Is
920 836 1063 863 sensus
1094 835 1183 861 esse
1215 822 1349 870 debet,
1380 827 1425 861 ut
1454 829 1567 861 recte
1598 822 1658 860 vi-
1695 824 1697 826 ’

210 896 269 935 dit
299 894 594 945 Dalecampius.
652 894 735 933 Sed
777 886 920 931 πάντα
958 888 1111 930 δοῦναι
1147 891 1234 942 quis
1272 902 1446 941 unquam
1475 891 1531 930 ita
1562 890 1661 930 dixit

209 969 279 1004 aut
300 962 437 1003 dicere
460 962 619 1015 potuit?
652 962 896 1014 Suspicabar
924 955 1069 999 πάντα
1098 956 1201 1014 θῇς,
1229 959 1415 1000 h.e.uisi
1446 959 1578 998 omnia
1606 959 1660 999 si-

210 1033 382 1086 gillatim
412 1032 463 1071 ad
491 1032 669 1071 rationes
698 1031 974 1079 revocaveris,
1002 1042 1118 1070 wenn
1149 1029 1202 1068 du
1233 1029 1346 1068 nicht
1373 1029 1472 1068 alles
1502 1029 1662 1070 einzeln

210 1101 473 1142 berechuest.
533 1100 623 1151 Quo
653 1111 775 1138 sensu
804 1097 956 1137 θεῖναι
984 1098 1132 1150 passim
1162 1097 1320 1137 dicitur.
1379 1098 1536 1138 Maiore
1575 1111 1663 1139 mo-

212 1171 352 1212 limine
382 1170 591 1210 Dobraeus
622 1169 722 1209 Adv.
756 1169 794 1208 11
823 1182 863 1221 p.
893 1168 975 1207 303
1014 1171 1164 1207 tentat:
1197 1161 1304 1217 παρ’
1334 1158 1439 1218 ἐμοῦ
1476 1161 1521 1204 ‹3'
1554 1164 1655 1219 {derv}

211 1235 272 1294 μή
301 1252 376 1291 μοι
417 1236 653 1292 καταλέγῃς
694 1232 807 1276 καθ’
839 1231 888 1276 ἓν
927 1234 1110 1276 ἕκαστον
1146 1230 1291 1274 πάνθ’
1324 1229 1480 1282 ἁπλῶς.
1549 1235 1662 1276 Idem

215 1310 336 1350 etium
366 1309 444 1348 alia
474 1308 649 1356 coniicit,
681 1301 787 1359 παρ’
820 1304 928 1359 ἐμοῦ
958 1301 1010 1344 δ’
1044 1302 1119 1344 ἐὰν
1147 1301 1236 1358 Ιμὴ
1266 1301 1383 1344 καθ’
1408 1298 1454 1343 ἓν
1484 1299 1664 1343 ἑκάστου

215 1376 300 1434 δῷς
331 1374 475 1429 λόγον,
504 1378 570 1419 vel
601 1371 704 1429 παρ’
737 1373 843 1429 ἐμοῦ
873 1372 1014 1415 δ’ἐάν
1042 1372 1130 1427 1μὴ
1158 1371 1276 1414 καθ’
1301 1369 1349 1414 ἓν
1378 1372 1559 1414 ἕκαστον
1588 1372 1666 1413 νῦν

215 1444 422 1488 ἁπάντων
463 1445 544 1501 δῷς
583 1443 726 1498 λόγον.
785 1471 839 1480 .-
896 1447 967 1488 Vs.
998 1446 1025 1485 3
1063 1446 1290 1485 Palmerius
1327 1447 1472 1486 Exere.
1513 1458 1553 1497 p.
1583 1445 1666 1485 496

216 1514 402 1569 ἀβάκιον
433 1513 612 1568 ψήφων,
642 1517 840 1568 probante
856 1515 1056 1555 Dobraeo.
1102 1516 1231 1555 Recte
1261 1515 1437 1555 obvertit
1461 1515 1666 1568 Schweig-

215 1589 441 1629 haeuserus
469 1588 525 1626 ita
555 1587 730 1626 otiosum
762 1598 852 1626 esse
880 1585 981 1624 illud
1010 1579 1187 1636 ψήφων.
1230 1585 1369 1637 ltaque
1398 1582 1554 1638 ’ψῆφον
1583 1585 1668 1624 col-

217 1659 364 1698 lective
392 1657 552 1708 accipit.
583 1656 724 1695 Malim
749 1663 825 1707 ego
856 1649 1049 1708 ψήφους.
1081 1654 1182 1694 Ibid.
1202 1668 1275 1707 pro
1305 1652 1410 1705 λέγε.
1440 1648 1530 1692 ἔστ’
1562 1655 1691 1693 ΑΒΡ.

218 1728 374 1767 habent
403 1724 627 1777 λέγεσθαι.
658 1750 713 1756 -——
743 1725 811 1766 Vs.
841 1724 868 1764 5
898 1721 979 1774 μῦς
1010 1728 1103 1764 sunt
1131 1724 1305 1764 musculi
1336 1724 1398 1763 vel
1427 1723 1586 1776 mytuli,
1618 1724 1669 1764 dc

219 1797 365 1848 quibus
396 1795 810 1847 Schweighaeuserus
847 1794 968 1832 affert
1005 1794 1232 1833 Gesnerum
1264 1793 1314 1833 de
1343 1795 1488 1845 Aquat.
1519 1807 1559 1845 p.
1590 1794 1667 1832 181

220 1871 262 1905 et
291 1866 440 1906 Athen.
474 1865 530 1904 111
565 1878 602 1915 p.
635 1862 689 1902 85
707 1863 746 1902 d.
776 1863 922 1902 86det
937 1861 967 1902 f.
1038 1861 1163 1901 lidem
1196 1863 1385 1902 dicuntur
1412 1857 1582 1912 μύακες.
1615 1887 1669 1894 --

219 1936 291 1976 vn.
320 1936 346 1974 6
375 1934 526 1974 frustra
556 1933 844 1973 Valckenarius
886 1932 936 1972 ad
967 1932 1179 1972 Theocriti
1209 1931 1340 1972 Adon.
1371 1945 1409 1983 p.
1444 1932 1549 1970 241:
1589 1930 1670 1978 θὲς

221 2004 317 2056 (pro
349 2001 461 2053 λέγε)
502 1999 587 2040 τῶν
623 1997 773 2054 ἐχίνων
801 1996 973 2053 ὀβολόν.
1034 2001 1189 2041 Ibidem
1218 1995 1281 2039 ἔτι
1311 2001 1396 2042 VL.
1453 1992 1522 2039 ὅτι
1549 2001 1668 2041 ΑΒΡ.

219 2098 276 2106 -—
318 2074 390 2115 Vs.
419 2074 445 2112 7
489 2066 543 2119 ἢν
572 2068 744 2122 ἐβοᾶτες
785 2071 841 2112 A.
872 2068 960 2110 ναί.
998 2067 1163 2125 χρηστὴ
1205 2070 1376 2111 Kiddius
1411 2071 1462 2110 ad
1501 2069 1670 2109 Porsoni

220 2142 397 2183 Miscell.
429 2156 468 2194 p.
499 2143 594 2181 230.
653 2134 706 2189 ἢν
735 2138 887 2192 ἐβοᾶτ’
918 2130 1054 2190 εἶναι,
1091 2136 1257 2193 χρηστὴ
1288 2141 1372 2180 ΑΒ.
1429 2140 1670 2180 ceterorum

220 2213 416 2252 librorum
462 2211 713 2263 corruptelas
759 2213 894 2252 attulit
937 2212 1185 2252 Dindorfius.
1254 2210 1387 2251 Verba
1428 2202 1482 2256 ἣν
1520 2205 1672 2259 ἐβοᾶτε

221 2281 451 2333 significant
472 2283 638 2333 opinor:
670 2294 792 2335 quam
814 2283 995 2335 impense
1024 2280 1274 2328 laudffatis,
1305 2284 1349 2318 ut
1366 2279 1525 2318 Isostas.
1543 2291 1600 2318 vs.
1620 2279 1671 2318 12

221 2349 301 2398 τὴν
338 2347 549 2402 εὐπυγίαν
585 2344 798 2399 ἀναβοᾶν.
857 2377 910 2383 -
967 2353 1040 2393 Vs.
1080 2352 1132 2389 10
1170 2343 1283 2387 ὀνεῖν
1320 2348 1403 2388 PV.
1460 2342 1586 2386 ω’νεῖν
1625 2348 1701 2390 L..

223 2420 365 2458 σονεῖν
396 2422 443 2460 Α.
491 2421 603 2461 Nihil
634 2420 729 2460 dum
761 2421 944 2460 medelae
973 2421 1069 2459 huic
1099 2419 1231 2458 versui
1259 2418 1422 2458 allatum
1454 2422 1527 2457 est.
1581 2418 1673 2457 Hoc

222 2494 356 2529 tamen
387 2489 509 2530 facile
538 2491 803 2542 intellegitur,
834 2490 982 2542 aliquid
1005 2489 1222 2529 herbarum
1246 2488 1325 2527 hoc
1349 2499 1467 2526 versu
1499 2499 1674 2526 comme-

222 2564 424 2598 moratum
454 2559 603 2608 fuisse,
635 2573 714 2612 quo
745 2560 851 2611 cybii
888 2559 1119 2599 salsamenti
1148 2570 1269 2610 sapor
1297 2560 1439 2596 auctus
1469 2561 1569 2596 erut.
1629 2556 1674 2595 ld

224 2627 373 2667 docent
402 2641 457 2667 vs.
491 2630 541 2668 11
575 2636 616 2668 et
647 2630 713 2668 12.
744 2630 812 2669 ubi
837 2641 991 2680 coquus
1021 2628 1143 2668 dicit:
1182 2628 1331 2675 nescis,
1362 2639 1385 2665 ο
1416 2626 1531 2675 bone,
1562 2625 1674 2665 olera

213 2698 382 2751 frustra
413 2700 558 2750 quaeri
585 2700 630 2737 in
652 2700 776 2751 soro,·
804 2712 853 2740 ea
884 2700 993 2739 enim
1022 2702 1283 2739 corroserunt
1313 2709 1472 2745 erucae.
1534 2695 1676 2748 ltaque
