1702 3158
503 138 954 185 ANAXANDRIDES.
1402 138 1487 179 669

10 273 190 314 namque
219 259 262 301 id
292 259 495 300 malorum
526 257 689 297 initium
719 256 762 295 in
793 255 875 296 vita
903 254 1123 296 maximum
1155 255 1240 295 est:

10 347 104 375 nam
135 333 170 374 si
202 332 381 373 dotatam
411 341 570 383 pauper
600 340 771 368 uxorem
803 327 972 368 domum

11 404 137 453 ducit,
168 415 249 443 non
283 414 385 442 uxor
414 401 506 449 ista,
537 398 612 440 sed
644 397 809 438 domina
842 403 905 438 est
935 398 1036 447 viro,

12 475 82 528 qui
113 474 352 515 servitutem
382 472 520 512 servit.
586 470 652 510 cui
682 473 810 522 nupta
838 471 900 509 est
930 469 1063 523 inops,

13 557 155 599 egens,
185 544 228 584 in
258 544 380 583 vitam
409 542 483 582 ille
513 540 707 581 servilem
737 538 897 588 incidit,

13 620 60 657 ut
89 616 156 656 cui
184 615 265 655 iam
294 627 369 668 pro
399 625 481 654 uno
511 610 769 653 sustentandi
799 611 880 650 sint
910 610 1007 651 duo.

13 691 56 728 at
84 691 244 739 turpem
281 685 418 733 duxit3
448 684 529 724 vita
559 695 641 723 non
672 681 807 721 vitalis
839 684 923 721 est:

15 759 154 799 taedet
182 757 376 810 pigetque
406 755 447 794 in
479 753 687 807 propriam
716 751 880 804 ingredi
912 751 1092 791 domum.

14 829 227 883 pulchram
259 826 479 866 exambivit
509 824 635 864 alius:
669 822 722 862 ah
753 822 940 872 demenS,
972 835 1090 863 suam

13 901 121 940 hanc
145 898 180 938 si
210 896 340 949 magis
371 895 529 948 putavit
559 906 681 946 quam
712 893 901 932 viciniae.

14 971 72 1011 ita
103 981 184 1022 quo
219 972 262 1008 te
291 972 425 1007 vertas
455 977 631 1018 cunque,
661 963 775 1004 haud
806 964 994 1017 effugere
1024 967 1086 1004 est
1116 962 1282 1004 malum.

722 1069 777 1109 11.

17 1158 109 1200 Non
142 1160 205 1197 est
233 1159 424 1196 senectus
454 1159 499 1196 ut
529 1158 587 1204 tu,
619 1157 752 1207 pater,
783 1153 1003 1203 existimas,

19 1241 124 1271 onus
153 1227 256 1269 adeo
287 1226 486 1276 difficile3
518 1226 592 1267 sed
622 1226 692 1278 qui
721 1224 804 1264 fert
835 1237 926 1265 eam

21 1299 156 1340 minus
186 1297 351 1346 decore,
380 1297 471 1350 ipse
501 1297 840 1350 impedimentum
873 1299 936 1335 est
965 1294 1064 1345 sibi;

23 1376 64 1413 at
93 1374 234 1411 contra
261 1368 426 1409 facilem
455 1367 593 1408 reddit
623 1371 665 1408 et
694 1367 967 1415 tolerabilem,

22 1442 92 1496 qui
121 1440 281 1495 placide
309 1440 422 1480 illius
451 1439 634 1479 moribus
664 1451 710 1479 se
741 1437 1025 1479 accommodat

22 1513 228 1555 tristitiam
258 1510 427 1551 demens
456 1516 582 1563 atque
611 1523 821 1563 apponens
853 1508 1066 1563 gaudium.

24 1584 133 1627 male
162 1584 231 1637 qui
259 1581 355 1632 fert,
385 1581 462 1622 sibi
492 1585 735 1635 perpetuam
766 1580 1016 1622 moestitiam
1048 1578 1167 1632 parit.

736 1672 810 1712 111.

463 1758 628 1811 Volupe
661 1762 736 1806 est,
769 1770 921 1798 novum

27 1832 62 1874 si
90 1831 181 1884 quis
209 1833 418 1883 repertum
448 1830 604 1882 primus
635 1829 973 1879 exterebraverit‚

29 1889 189 1943 aperire
219 1887 395 1927 cunctis:
426 1899 601 1939 namque
631 1886 675 1925 hi
706 1886 776 1938 qui
806 1886 971 1938 sapiunt
1001 1888 1079 1929 sibi

30 1959 140 2009 solis,
168 1959 323 2000 nullum
353 1958 450 1998 artis
479 1958 659 1998 iudicem
689 1956 904 1997 inveniunt
933 1970 1056 1999 suae:

34 2030 182 2070 deinde
209 2029 456 2070 invidentur.
514 2028 681 2068 tradere
709 2029 751 2067 in
782 2028 930 2080 vulgus
962 2028 1097 2078 decet,

35 2101 224 2143 novitatis
250 2100 444 2154 quicquid
474 2112 625 2141 venere
656 2098 984 2139 commendabile
1012 2103 1088 2140 est.

733 2203 803 2245 lV.

40 2289 119 2343 Qut
147 2290 472 2331 commendatum
502 2290 578 2330 sibi
609 2300 842 2329 sermonem
874 2289 1096 2341 acceperit,

39 2359 210 2400 iniustus
240 2365 303 2402 est
332 2365 403 2401 aut
430 2362 637 2414 impotens
668 2360 702 2400 si
733 2359 929 2408 eliminet,

42 2429 110 2482 qni
137 2431 239 2472 lucri
268 2444 388 2473 causa
417 2433 618 2472 iniustus:
649 2430 718 2483 qui
749 2430 883 2478 aliter,
912 2429 1142 2483 impotens:

47 2503 88 2540 et
114 2499 180 2541 hic
207 2507 248 2543 et
269 2502 340 2543 ille
371 2504 526 2556 pariter
556 2515 605 2543 ex
634 2513 766 2554 aequo
797 2500 906 2541 mali.

745 2593 795 2634 V.

50 2671 131 2715 Iter
156 2674 236 2716 hoc
266 2677 483 2719 molestum
515 2682 578 2718 est
607 2690 655 2718 ac
685 2677 873 2726 difficile,
904 2689 929 2717 ο
960 2676 1058 2725 fllia,

0 2746 2 2753 '
49 2741 210 2787 domum
238 2746 280 2787 in
309 2753 522 2801 paternam
551 2749 603 2789 de
633 2748 808 2789 maritali
839 2748 961 2789 domo
