1702 3158
237 176 319 220 288
859 174 1068 217 EUBULI

455 283 528 323 καὶ
557 281 616 335 μὴ
646 279 872 336 λαθραίαν
900 281 1067 338 κύπριν,
1096 280 1325 338 αἰσχίστην
1352 281 1493 325 νόσων

457 366 622 417 πασῶν,
651 360 830 416 διώκειν,
859 358 1011 420 ὕβρεος
1039 365 1090 407 οὐ
1117 363 1270 407 πόθου
1294 357 1434 422 χάριν.
1480 387 1490 392 ν

375 453 428 491 10
454 446 664 495 Ἑλλάδος
693 445 822 501 ἔγωγε
851 448 926 499 τῆς
955 446 1231 505 ταλαιπώρου
1261 450 1409 502 στένω,

453 528 485 581 ἢ
514 529 686 571 Κυδίαν
715 529 931 588 ναύαρχον
960 533 1248 589 ἐξεπέμψατο.-

346 644 580 685 Athenaeus
607 643 709 684 xm
737 659 777 697 p.
806 645 889 686 568
903 645 944 685 f:
981 644 1056 684 καὶ
1084 642 1130 684 ἐν
1158 641 1359 700 Ναννίῳ,
1389 639 1429 684 εἰ
1455 639 1680 696 Εὐβούλου

235 712 285 754 τὸ
322 712 467 766 δρᾶμα
504 712 578 752 καὶ
614 711 674 765 μὴ
710 710 956 764 Φιλίππου,
997 712 1134 767 φησίν
1162 708 1318 763 (Ὅστις
1347 714 1443 767 λέχη
1472 713 1561 756 κτλ.
1619 715 1679 754 De

234 785 425 837 Philippo
456 785 547 823 vide
577 785 683 825 Hist.
714 787 802 825 crit.
834 799 874 837 p.
905 785 1000 825 340.
1072 786 1140 827 Vs.
1171 786 1299 826 4-7
1337 787 1457 825 etiam
1494 786 1535 826 in
1575 785 1679 824 Pan-

233 855 409 907 nychide
438 854 586 906 posuit.
629 877 685 884 —
729 855 799 895 Vs.
829 854 856 894 5
884 849 1167 902 λεπτοπήνοις
1195 857 1243 896 A.
1285 855 1412 896 ceteri
1442 847 1681 901 λεπτοπτή-

233 935 325 970 νοις
361 925 427 963 vel
463 917 753 971 λεπτονήτοις.
824 923 904 962 Pro
941 915 1096 976 ὕφεσιν
1132 925 1224 963 libri
1262 919 1427 976 ὑμέσιν.
1494 923 1680 963 Correxit

235 993 444 1034 Porsonus
474 993 592 1031 Misc.
622 1006 662 1043 p.
678 993 771 1032 243.
806 982 858 1024 ὲ-
889 992 958 1033 Vs.
980 994 1006 1032 6
1037 993 1379 1034 Phaethontiadas
1410 993 1506 1032 dicit
1534 993 1574 1032 in
1605 1005 1680 1045 po-

232 1064 354 1116 pulos
402 1066 629 1100 mutatatas.
706 1062 966 1113 Comparatio
1015 1062 1066 1100 ad
1105 1065 1287 1115 corporis
1332 1063 1596 1115 gracilitatem
1639 1065 1680 1101 et

232 1132 505 1172 membrorum
537 1130 849 1170 concinnitatem
879 1135 1050 1182 spectat.
1101 1155 1156 1163 —
1206 1133 1274 1173 Vs.
1304 1133 1330 1171 8
1360 1127 1501 1170 νόσων
1529 1133 1680 1172 Casan-

231 1202 383 1248 bonus3
414 1200 508 1238 libri
550 1190 677 1239 ὅσων.
738 1200 922 1239 Praestat
951 1194 1124 1239 fo'rtasne
1154 1195 1298 1241 νόσον.
1355 1202 1444 1241 Duo
1485 1201 1681 1261 postremi

231 1282 398 1317 versus,
442 1280 612 1319 quorum
643 1268 818 1320 primum
847 1281 895 1308 ex
924 1269 1133 1321 Euripidis
1164 1269 1295 1322 Iphig.
1325 1266 1418 1310 Aulss
1449 1272 1531 1310 370
1572 1270 1680 1310 deri-

233 1344 368 1380 vatum
400 1350 490 1376 esse
520 1338 658 1389 plures
689 1339 984 1386 observarunt,
1016 1351 1095 1389 quo
1127 1341 1296 1379 consilio
1326 1342 1472 1380 ceteris
1503 1326 1679 1380 adiuncti

231 1410 326 1457 sint,
355 1420 434 1447 non
465 1407 730 1458 intellegitur.
769 1428 822 1436 —-
867 1407 937 1448 Vs.
968 1408 1021 1446 10
1058 1413 1151 1459 post
1180 1404 1456 1461 ταλαιπώρου
1485 1410 1579 1449 libri
1608 1410 1679 1450 ad-

231 1478 332 1518 dunt
362 1475 477 1528 πέρι,
517 1477 624 1527 quod
655 1476 871 1516 delendum
902 1489 992 1516 esse
1019 1478 1083 1516 vel
1114 1478 1202 1518 sine
1230 1476 1438 1531 Euripidis
1468 1479 1558 1519 loco
1589 1480 1677 1531 qui-

231 1548 291 1588 vis
326 1546 505 1586 vidisset.
575 1545 743 1596 Cydiam
785 1546 928 1585 ultimo
967 1559 1087 1587 versu
1118 1552 1474 1588 commemoratum
1505 1549 1678 1588 eundem

230 1629 322 1658 esse
352 1615 534 1668 suspicor
547 1614 598 1654 de
615 1627 695 1667 quo
713 1615 795 1668 egit
811 1615 1078 1656 Ruhnkenius
1096 1617 1203 1658 Hist.
1220 1618 1308 1659 crit.
1324 1621 1427 1659 orat.
1444 1617 1678 1671 p.LXX1V.

684 1822 802 1863 NA
841 1822 1223 1865 ΥΣΙΚΑΑ.

438 1940 510 1992 Ὃς
541 1943 618 1985 νῦν
647 1942 856 1999 τετάρτην
883 1941 1051 1999 ἡμέραν
1081 1943 1331 1997 βαπτίζεται

448 2027 599 2078 νῆστιν
627 2025 819 2083 πονήρου
846 2028 1049 2083 κεστρέως
1079 2026 1240 2083 τρίβων
1268 2026 1380 2082 βίον.

337 2141 571 2182 Athenaeus
603 2142 680 2183 VII
720 2156 760 2194 p.
791 2143 873 2182 3⁰7
890 2142 918 2182 f.
967 2143 1151 2195 exempla
1194 2155 1402 2195 apponens
1445 2143 1485 2181 in
1530 2144 1674 2194 quibua

214 2206 420 2263 ’κεστρεὺς
450 2208 793 2263 ᾱίοἰῑυτνῆστιςε
835 2207 1058 2263 Εὔβουλος
1095 2205 1329 2265 Ναυσικάᾳ
1362 2205 1444 2257 ι’ος
1480 2208 1558 2250 νῦν
1584 2210 1672 2252 κτλ.

226 2280 335 2320 Hinc
364 2280 535 2333 sumpsit
562 2281 796 2320 Eustathius
826 2283 875 2321 ad
897 2282 1197 2334 Hom.p.1178
1229 2282 1267 2330 4,
1298 2281 1364 2332 qui
1394 2282 1524 2333 primo
1554 2294 1672 2322 versu

226 2349 351 2388 habet
379 2344 435 2395 ὠς
465 2347 544 2387 νῖν
573 2354 614 2388 et
643 2351 771 2389 altero
802 2348 960 2398 νῆστις.
1001 2352 1155 2391 Ibidem
1187 2352 1278 2390 libri
1307 2348 1519 2402 πονηροῦε
1551 2351 1672 2398 ,,Νοη

222 2432 378 2470 pravus
407 2420 557 2471 mugil,
598 2420 671 2459 sed
709 2422 904 2460 innocens
949 2422 1084 2473 potius
1115 2426 1155 2460 et
1185 2421 1303 2460 timul
1333 2421 1456 2458 miser
1484 2431 1530 2457 ex
1561 2421 1672 2473 vulgi

227 2489 417 2540 opinione
446 2489 684 2529 habebatur.
743 2490 792 2530 V.
810 2491 1016 2530 Zenobius
1049 2491 1102 2531 lV
1132 2490 1186 2530 52
1218 2495 1259 2529 et
1287 2489 1414 2528 ceteri
1443 2490 1672 2540 paroemio-

227 2557 385 2610 graphi.
444 2560 580 2609 Quare
609 2564 722 2599 recte
752 2559 959 2600 Gesnerus
989 2563 1133 2612 Aquat.
1163 2573 1202 2611 p.
1217 2559 1299 2598 562
1329 2553 1520 2610 πονήρου
1550 2573 1672 2599 aeru-

226 2626 406 2666 mnosi.''
457 2628 879 2681 Schweighaeuserus.
938 2630 1128 2669 Ceterum
1168 2628 1220 2666 de
1250 2627 1369 2667 Ulixe
1398 2629 1475 2669 ista
1505 2628 1582 2668 dici
1613 2628 1670 2668 vi-

228 2697 387 2738 dentur.
