1656 3146
279 163 362 204 680
812 163 1188 208 ARISTOPHON.

980 277 1033 317 ll.

277 346 332 385 At
360 355 494 383 nonne
524 343 614 384 iure
643 356 690 384 ac
718 344 863 385 merito
894 345 946 386 de
973 347 1176 387 sententia

277 413 533 453 consentium
563 413 743 454 Deorum
772 414 1015 457 damnatu’st
1044 417 1202 456 Amor?

276 495 369 522 nam
398 483 618 524 seditiones
647 487 768 535 atque
797 486 976 526 turbelas
1007 485 1128 526 dabat

276 552 397 592 vitam
426 552 512 592 illic
541 552 710 604 agitans.
768 567 866 607 ergo
893 568 988 595 cum
1019 558 1128 596 esset
1156 567 1362 608 arrogans,

276 621 499 670 confidens,
529 622 612 662 alas
641 635 768 675 puero
799 625 980 676 praecidi
1008 626 1164 673 iubent,

274 702 424 743 nempe
452 691 504 730 ad
533 692 735 734 coelestes
768 706 820 734 ne
849 706 1025 746 unquam
1055 695 1260 735 revolaret
1288 694 1443 736 domos.

275 763 317 798 et
344 761 403 799 sic
434 773 526 800 eum
557 763 606 802 ad
636 775 710 803 nos
739 762 991 804 demiserunt
1020 764 1224 806 exsulem:

273 828 357 868 alas
386 842 485 881 quas
515 832 668 881 habuit,
700 832 901 874 dederunt
929 833 1004 874 has
1036 833 1240 875 Victoriae

271 897 477 949 ferendas,
509 901 684 952 spolium
715 914 764 941 ex
793 902 913 943 hoste
941 909 1132 955 superato
1161 902 1359 942 inclitum.

914 986 984 1027 1v.
1043 987 1092 1027 V.

269 1051 319 1091 A.
350 1051 551 1090 Narrabat
580 1058 833 1094 mortuorum
863 1065 955 1094 cum
983 1053 1177 1096 intra-set
1205 1056 1347 1098 domos

269 1119 327 1158 ibi
357 1120 538 1172 singulos
567 1122 729 1170 vidisse,
759 1127 800 1161 at
829 1123 998 1163 multum
1029 1136 1051 1162 a
1081 1126 1252 1165 caeteris

270 1188 439 1228 differre
470 1189 788 1242 Pythagoristas.
847 1205 937 1232 nam
960 1194 1095 1232 Ditem
1125 1198 1282 1245 patrem

268 1258 345 1299 hos
374 1259 452 1298 sibi
482 1264 681 1311 perpetuo
713 1261 960 1313 coiipulones
991 1275 1166 1312 sumere,

268 1328 429 1379 pietatis
460 1341 572 1380 ergo.
631 1331 677 1370 Β.
709 1331 887 1371 Facilem
919 1344 1211 1373 commemoras
1241 1332 1385 1381 Deum,

269 1398 338 1449 qui
368 1398 548 1438 oblectet
577 1400 834 1441 sordidorum
861 1415 906 1442 se
935 1402 1193 1442 commercio.

1012 1471 1151 1511 Edunt

267 1535 405 1576 olera:
435 1549 510 1588 pro
539 1543 639 1590 potu
669 1539 726 1578 nil
756 1539 833 1579 nisi
862 1546 1059 1592 usurpant
1089 1547 1255 1593 aquam:
1324 1556 1326 1558 ’

264 1604 346 1644 iam
376 1618 473 1646 vero
503 1607 698 1657 illuviem,
730 1609 910 1660 pallium,
940 1609 1150 1661 pediculos
1246 1611 1248 1613 ’

265 1674 443 1716 tolerare
472 1688 592 1717 nemo
624 1682 686 1718 est
714 1679 918 1719 iuniorum
949 1679 1017 1730 qui
1047 1685 1182 1731 queat.

680 1844 756 1885 Ex
782 1845 1005 1887 FABULA
1035 1847 1295 1889 [NcuR'rA.
1372 1861 1374 1866 ·

262 1926 354 1967 Nox
381 1925 494 1966 ferre
523 1925 721 1967 malorum
749 1941 916 1980 pausam
947 1931 1190 1981 pauperibus
1220 1932 1351 1972 solet=

261 2008 354 2037 nam
382 2000 499 2049 parte
529 1997 579 2037 ab
607 1996 716 2037 omni
746 1998 961 2039 obumbrat
988 1999 1154 2039 illorum
1183 2001 1300 2041 mala.

586 2287 1389 2351 EPIGRATES.

729 2475 1248 2519 ΛΝΤΙΛΑΙΣ.

256 2552 374 2600 Haec
399 2559 470 2599 illa
499 2563 562 2600 est
591 2561 698 2611 Lais,
727 2561 870 2610 otiosa,
901 2561 1123 2610 merobiba,

255 2629 314 2669 nil
341 2628 452 2669 aliud
482 2642 626 2671 curan·
656 2643 775 2683 quam
805 2631 914 2683 quod
942 2631 1130 2671 comedat
1157 2631 1199 2671 iu
1227 2631 1336 2672 diem

256 2698 460 2751 bibatque.
519 2699 638 2751 eique
668 2701 803 2741 evenit
831 2700 983 2753 aquilis.
1004 2700 1115 2752 quod
1144 2701 1275 2742 solet:
