1702 3158
275 155 671 205 ΦΙΛΕΤΛΙΡΟΣ
697 186 752 193 -
786 152 1258 201 ΦΙΛΟΘΗΒΑΙΟΣ.
1406 152 1490 196 125

496 301 1009 351 ΦΙΛΕΤΑΙΡΟΣ.

278 426 472 488 Κομψὸς
499 446 546 487 γε
573 427 726 489 μικρὸς
754 425 1056 487 κρωμακίσκος
1084 422 1237 470 οὑτοσί

278 513 554 570 γαλαθηνός.

123 631 363 673 Athenaeus
394 633 452 673 IX
482 646 522 686 p.
538 633 621 673 396
637 632 676 673 d.
708 632 761 673 de
790 644 869 672 usu
899 630 1015 672 verbi
1044 621 1306 681 γαλαθηνός
1335 638 1485 680 agens:

7 693 287 754 Ἀντιφάνης
323 699 570 758 Φιλεταίρῳ
601 699 794 758 Κομψὸς
824 700 915 743 κτλ.
973 704 1083 745 Ante
1112 698 1484 753 Schweighaeuse-

9 782 101 812 rum
130 772 349 826 legebatur
378 770 517 820 οὗτος.

482 968 1003 1014 ΦΙΛΙΣΚΟΣ.

119 1084 268 1126 Pollux
297 1085 336 1126 X
368 1085 473 1125 176:
511 1084 586 1125 καὶ
624 1082 826 1135 σκεῦός
866 1099 918 1126 τι
949 1079 1308 1139 ὁλοσίδηρον,
1348 1077 1408 1131 ὠς
1434 1079 1482 1123 ἐν

4 1149 304 1211 Ἀντιφάνους
338 1153 551 1212 Φιλίσκῳ.

371 1361 1123 1409 ΦΙΛΟΘΗΒΑΙΟΣ.

715 1481 748 1522 I.

166 1563 315 1610 Πάντ’
347 1567 470 1611 ἐστὶν
499 1565 625 1624 ἡμῖν·
655 1564 687 1621 ἥ
713 1584 758 1611 τε
787 1567 872 1627 γάρ
902 1564 1158 1626 συνώνυμος

166 1652 243 1705 τῆς
273 1651 400 1696 ἔνδον
430 1650 565 1705 οῧσης
595 1651 765 1710 ἔγχελυς
793 1652 994 1697 Βοιωτία

166 1739 395 1793 τμηθεῖσα
423 1737 586 1790 κοίλοις
616 1739 663 1781 ἐν
691 1740 882 1796 βυθοῖσι
911 1735 1133 1793 κακκάβης

161 1821 394 1879 χλιαίνετ’,
425 1821 595 1881 αἴρεθ’,
627 1825 797 1882 ἕψεται,
827 1821 1118 1882 παφλάζεται,

108 1910 138 1951 5
166 1906 442 1966 προσκάεθ’·
473 1905 587 1952 ὥστε
614 1908 729 1966 μηδ’
761 1907 818 1952 ἂν
846 1906 887 1952 εἰ
908 1908 1098 1967 χαλκοῦς
1125 1905 1235 1964 ἔχων

165 1994 390 2052 μυκτῆρας
418 1990 621 2038 εἰσέλθοι
649 2011 726 2050 τις,
757 1996 956 2049 ἐξελθεῖν
986 1992 1119 2038 πάλιν

164 2079 279 2132 εἰκῆ·
308 2076 531 2134 τοσαύτην
559 2079 822 2135 ἐξακοντίζει
853 2078 1009 2134 πνοήν.

163 2162 222 2208 Β.
250 2163 385 2220 λέγεις
412 2163 622 2223 μάγειρον
652 2166 813 2221 ζῶντα,-
868 2168 928 2211 Α.
958 2163 1150 2219 πλησίον
1178 2163 1226 2206 δέ
1254 2178 1301 2219 γε

161 2243 324 2300 ταύτης
352 2247 507 2300 ἄσιτος
535 2247 704 2308 ἡμέραν
732 2252 806 2294 καὶ
837 2248 974 2308 νύχθ’
1007 2245 1115 2303 ὅλην

80 2333 137 2374 10
164 2331 375 2391 κεστρεύς,
404 2334 650 2387 λεπισθείς,
679 2335 892 2390 πασθείς,
922 2334 1144 2394 στραᾳεὶς,
1172 2330 1411 2392 χρωσθείς,

163 2415 276 2472 ὁμοῦ
306 2433 350 2460 τι
378 2418 486 2476 πρὸς
513 2421 634 2472 τέλος
661 2422 790 2479 μέρος
820 2422 989 2480 δρόμου
1017 2419 1172 2478 περῶν,

159 2498 264 2553 σίζει
291 2501 518 2559 κεκραγώς,
549 2507 653 2556 παῖς
683 2504 733 2548 δ’
764 2507 976 2564 ἐφέστηκε
1006 2504 1153 2568 ῥανῶν

161 2580 261 2639 ὄξει,
288 2584 431 2642 Λίβυς
459 2603 505 2630 τε
533 2590 692 2642 καυλὸς
721 2592 1015 2650 ἐξηρασμένος

160 2664 303 2713 ἀκτῖσι
331 2670 482 2724 θείαις
511 2673 693 2731 σιλφίου
720 2678 1009 2734 παραστατεῖ.
1098 2657 1106 2660 ῃ

80 2751 135 2794 15
161 2749 218 2796 Β.
244 2745 325 2796 εἶτ’
353 2753 432 2800 οὐκ
459 2757 653 2817 ἐπῳδούς
681 2775 825 2818 φασιν
854 2758 1019 2819 ἰσχύειν
1047 2762 1175 2818 τινές;
