1702 3158
208 212 290 252 100
748 203 1084 246 ANTIPHANJS

212 332 283 361 σιν
319 314 588 372 Ἀντιφάνης
622 318 686 366 (Α
720 310 976 365 Ἀντιφῶν)
1016 310 1213 361 κέκληκεν
1254 306 1387 351 εἰπών
1417 308 1658 369 Παρασίτῳ

213 384 448 440 Κάκκαβον
484 386 590 438 λέγω
627 382 716 424 κτλ.
786 382 1027 422 Eustathiua
1065 381 1116 421 ad
1148 381 1262 421 Iliad.
1292 395 1331 434 p.
1361 382 1444 422 872
1474 382 1550 423 14:
1587 367 1667 423 aa}

211 455 439 513 ἀρσενικῶς
468 452 682 506 κάκκαβος
710 450 890 502 λέγεται,
920 443 1014 489 οἷον
1041 446 1263 502 κάκκαβον
1291 449 1408 500 λέγω,
1440 447 1495 490 σὺ
1523 449 1551 490 δ
1564 449 1573 463 ’
1606 446 1661 492 ἂν

214 526 315 575 ἴσως
345 525 478 573 εἴποις
508 519 703 571 λοπάδα,
741 519 820 568 τὴν
849 519 920 558 καὶ
952 515 1179 570 σίττυβον,
1215 514 1272 566 ὠς
1302 517 1431 568 δηλοῖ
1452 518 1660 573 ἐπαχθέν,

214 595 310 650 ἐμοὶ
353 594 398 634 δὲ
438 589 628 644 τοῦνομα
665 587 715 630 οὐ
766 587 959 641 διαφέρει
1012 586 1094 627 εἴτε
1139 583 1357 640 κάκκαβον
1404 584 1663 642 ὀνομάζουσι’

214 679 324 712 τινες
360 663 441 703 εἴτε
481 658 700 712 σίττυβον.
775 660 834 699 De
864 659 996 698 forma
1033 652 1246 709 κάκκαβος
1287 659 1336 698 ab
1366 660 1563 700 Alticistia
1593 662 1663 702 da-

215 738 350 775 mnata
379 746 415 772 v.
447 730 696 770 Lobeckium
727 728 777 767 ad
808 728 957 779 Phryn.
988 740 1029 779 p.
1059 727 1154 768 427.
1212 752 1267 759 —
1323 729 1394 770 Vs.
1422 729 1449 768 5
1486 717 1664 771 Polluci·

215 804 281 844 ed.
312 802 404 843 Ald.
434 799 507 839 καὶ
539 797 640 845 ἴσως
682 791 729 835 δ’
762 790 816 835 ἂν
845 794 994 842 εἴποις.
1053 797 1153 836 Cod.
1184 798 1220 837 A
1262 793 1316 836 σύ
1356 792 1404 834 δ’
1436 791 1492 836 ἂν
1528 797 1663 846 εἴποις
1686 816 1695 819 -

215 874 303 914 sine
333 869 447 917 ἴσως.
477 895 532 901 --
562 869 674 910 Vs.7
699 861 927 919 χαίρουσιν
957 860 1238 918 ὀνομάζοντες
1269 866 1375 919 apud
1407 868 1662 909 Athenaeum

213 942 261 981 Β.
316 934 538 992 χαίροντες
576 932 861 988 ὀνομάζουσιν
899 935 1018 975 PVL.
1075 934 1194 986 Apud
1225 935 1433 976 Pollucem
1475 938 1539 977 ed.
1569 938 1663 979 Ald.

211 1005 439 1063 χαίρουσιν
466 1002 703 1057 ὀνομάζειν.
761 1004 862 1045 Cod.
895 1005 928 1043 A
953 997 1181 1056 χαίρουσιν
1209 998 1502 1056 ὀνομάζοντες.
1555 1007 1663 1048 Tum

214 1091 289 1132 pro
320 1073 525 1127 σίττυβον
567 1075 743 1115 Pollucis
782 1073 873 1113 cod.
904 1073 939 1112 V
980 1067 1218 1123 σύπτηβον.
1275 1075 1311 1113 A
1336 1068 1519 1125 πτύβην,
1576 1076 1662 1117 Vo-

215 1160 304 1188 cem
343 1141 550 1196 σίττυβον
590 1144 755 1184 aliunde
791 1142 873 1181 hoc
908 1153 1030 1181 seusu
1065 1154 1147 1182 non
1185 1143 1388 1194 cognitam
1423 1143 1532 1184 idem
1570 1144 1662 1186 fere

216 1216 325 1268 quod
363 1211 497 1261 λοπάς
537 1214 769 1266 significare
807 1222 976 1250 necesse
1013 1214 1097 1259 est;
1144 1206 1326 1262 σιττύβη
1361 1215 1516 1262 autem,
1554 1214 1663 1265 quod

211 1285 254 1326 in
285 1285 462 1324 lectione
493 1283 583 1322 cod.
612 1283 648 1322 A
686 1280 793 1333 apud
825 1280 1033 1319 Pollucem
1071 1280 1202 1320 latere
1238 1281 1367 1320 videri
1405 1282 1554 1333 possit,
1592 1295 1662 1322 ve-

215 1358 320 1395 stem
350 1353 575 1393 cot-iaceam
591 1352 757 1390 denotat
788 1353 830 1388 et
858 1349 907 1387 ab
926 1348 1006 1387 hoc
1027 1349 1118 1389 loco
1135 1362 1301 1402 prorsus
1324 1350 1501 1391 alienum
1530 1356 1604 1391 est.
1622 1354 1662 1402 *)

215 1423 375 1464 Docent
419 1422 500 1461 hoc
541 1421 607 1461 vel
652 1418 864 1471 sequentia
907 1413 1020 1464 πλὴν
1061 1410 1127 1458 ὅτι
1164 1415 1295 1469 λέγεις
1339 1414 1510 1470 ἀγγεῖον
1546 1409 1659 1470 οἶδα,

216 1493 292 1532 hoc
329 1504 455 1531 unum
492 1492 579 1530 scio
615 1494 659 1529 te
695 1488 905 1528 vasculum
954 1487 1113 1538 dicere,
1159 1501 1182 1528 a
1234 1497 1409 1540 quorum
1458 1491 1660 1531 sententia

215 1561 318 1602 mire
346 1560 547 1601 aberravit
576 1556 1000 1610 Schweighaeuserua.

918 1666 970 1706 H·
1140 1718 1333 1774 Χοιρίων

381 1805 508 1855 σκέλη
536 1799 711 1858 καπύρ’.
767 1801 823 1844 Β.
855 1797 1029 1843 ἀστεῖόν
1054 1815 1102 1855 γε
1130 1801 1181 1852 νὴ
1212 1801 1292 1852 τὴν
1316 1799 1500 1844 Ἑστίαν

381 1884 574 1943 ἄριστον.
592 1919 603 1928 ,η
632 1886 690 1929 A.
719 1882 862 1940 ἑφθὸς
891 1882 1016 1940 τυρὸς
1044 1881 1236 1926 ἐπεδόνει
1263 1881 1409 1934 πολύς.

323 1979 560 2020 Athenaeus
591 1978 648 2018 ΠΙ
679 1991 717 2030 p.
734 1978 788 2016 96
803 1977 843 2017 b.
874 1977 926 2016 de
953 1972 1113 2028 ἑφθοῖς
1141 1973 1273 2015 ποσὶν
1302 1976 1527 2017 disserens:
1552 1972 1656 2016 Ἀν..

213 2043 399 2100 τιφάνης
444 2044 687 2101 Παρασίτῳ
726 2041 920 2099 Χοιρίων
960 2043 1050 2086 κτλ.
1137 2046 1199 2085 lta
1248 2045 1658 2099 Schweighaeuacrus

213 2130 288 2171 pro
313 2117 505 2172 χοιρέων.
561 2118 668 2158 Tum
697 2110 855 2169 καπυρ’
886 2116 933 2155 L.
991 2110 1163 2169 καπυρὰ
1191 2115 1349 2157 ABPV.

899 2226 973 2267 111.

777 2308 957 2367 Τάριχος
984 2308 1221 2354 ἀντακαῖον
1248 2311 1295 2354 ἐν
1321 2312 1438 2369 μέσῳ

429 2397 541 2449 πῖον,
571 2393 815 2447 ὁλόλευκον,
847 2392 1031 2450 θερμόν.

319 2484 552 2526 Athenaeus
584 2486 643 2526 111
673 2499 712 2539 p.
739 2487 821 2525 118
836 2487 883 2527 d:
922 2482 1192 2541 Ἀντιφάνης
1220 2481 1244 2525 ὁ
1274 2481 1521 2535 ποιητὴςίέν
1549 2482 1653 2524 Δευ-
1701 2459 1702 2462 ¹

207 2548 384 2591 καλίωνι
413 2553 599 2608 ταρίχων
627 2552 760 2595 τῶνδε
788 2553 1005 2608 μέμνηται
1033 2581 1087 2588 --
1116 2554 1191 2595 καὶ
1218 2552 1265 2594 ἐν
1291 2548 1533 2609 Παρασίτῳ
1566 2549 1652 2593 Τά-

295 2677 324 2720 ¹⁸)
344 2678 412 2712 Pro
437 2683 578 2725 σιττύβη
603 2683 706 2717 etiam
730 2687 893 2729 σίττυβον
917 2685 952 2719 in
978 2695 1040 2719 usu
1066 2684 1170 2717 fuisse
1197 2684 1298 2717 docet
1310 2682 1478 2717 Arcadius
1501 2684 1544 2716 de
1566 2683 1648 2717 Acc.

201 2746 234 2779 p.
258 2736 326 2770 122
345 2738 408 2772 14:
432 2738 729 2784 προπαροξύνεται
752 2744 916 2786 σίτταβον
944 2744 1027 2785 (leg.
1052 2743 1242 2785 σίττυβον),
1267 2741 1308 2776 τὸ
1331 2741 1455 2786 μικρὸν
1479 2742 1598 2786 δέρμα.
