1702 3158
514 149 726 196 ΛΤΘΙΣ.
784 146 1004 191 ΑΧΑΙΣ.
1411 149 1496 191 397

245 265 435 323 ἡπάτιον
462 265 601 311 ὀπτὸν
629 263 922 323 προσέλαβον.
980 257 1149 305 τούτων
1176 259 1254 304 ε’άν

247 353 366 414 δείξῃ
392 369 457 405 τις
485 350 514 406 ἢ
542 349 699 410 φωνήν
726 365 766 392 τι
797 345 826 402 ἢ
855 346 1005 406 ψυχὴν
1033 346 1146 406 ἕχον,

0 446 26 503 ξ
245 438 410 484 ἀδικεῖν
439 437 639 496 ὁμολογῶ
666 438 741 480 καὶ
770 433 1070 492 παραβαίνειν
1102 432 1180 477 τὸν
1207 430 1359 490 νόμον.

138 558 378 600 Athenaeus
408 556 465 597 IX
496 570 537 610 p.
567 555 709 595 386122
752 550 827 592 καὶ
868 547 923 592 σὺ
968 546 1074 606 γάρ,
1116 545 1174 599 ὦς
1215 546 1347 603 ἔοικε,
1390 545 1498 604 μετ’,

0 626 133 683 ξέμοῦ
160 626 274 669 κατὰ
302 626 379 668 τὸν
399 622 582 677 ”Αλεξιν
611 620 789 672 οὐδενὸς
817 617 1019 677 ἐμψύχου
1046 618 1421 677 μεταλαμβάνεις,
1451 615 1500 672 ὅς

0 690 2 719 3
26 712 167 754 φησιν
194 698 240 740 ἐν
266 695 459 740 ’Λτθίδι
482 693 586 737 τάδε
612 692 670 736 ‘O
700 693 872 750 πρῶτος
899 692 990 735 κτλ.
1048 695 1120 738 Vs.
1137 694 1164 735 5
1180 690 1273 735 ἔστι
1289 695 1500 749 Schweig-

0 797 3 817 ;
26 772 268 812 heeuserus.
299 770 414 812 Libri
431 765 618 810 ἐσθίειν.
650 793 706 800 —
733 768 806 809 Vs.
824 770 850 806 6
881 761 959 819 οὐχ
990 756 1088 805 οἷόν
1111 778 1156 804 τε
1172 761 1268 820 γάρ.
1300 762 1343 805 τί
1369 761 1502 818 ἄλλος

0 824 88 896 ΫΙω
117 841 396 882 easaubonus.
455 839 592 893 Vulgo
629 830 707 889 οὐχ
747 827 845 875 οἷόν
884 848 928 874 τε
954 832 1050 891 ,γάρ
1087 849 1130 876 τι
1157 831 1278 876 ἄλλο.
1344 838 1502 879 Ibidem

0 897 98 951 Ξκαὶ
126 913 175 953 Β.
219 909 295 950 ναὶ
324 910 446 952 PVL.
505 936 561 942 -—-
619 907 690 949 Vs.
722 907 750 947 8
792 918 835 945 τι
874 919 951 960 pro
987 901 1075 946 τιν’
1108 907 1174 947 vel
1203 902 1303 946 τινὰ
1332 908 1501 951 Grotius

0 981 240 1036 'Excerptis
270 995 311 1035 p.
340 981 439 1021 563.
505 980 568 1020 De
605 978 723 1019 hiatu
753 990 796 1018 τι
824 971 853 1028 ἢ
883 979 966 1019 dixi
997 978 1049 1019 ad
1077 977 1323 1031 Antiphanis
1351 978 1501 1034 fragm.

23 1066 66 1108 p.
94 1054 165 1096 81.
195 1079 250 1087 -
280 1053 351 1096 Vs.
382 1054 408 1093 9
440 1046 757 1106 προσομολογῶ
784 1050 894 1091 libri.
954 1049 1146 1092 Correxit
1175 1049 1359 1092 Grotius.

732 1174 787 1214 ΙΙ.

251 1255 358 1307 Παῖς
384 1255 583 1312 ἐπινεφεῖ
606 1254 657 1298 τὸ
687 1255 861 1314 πρῶτον
891 1255 915 1299 ὁ
948 1254 1055 1307 Ζεὺς
1084 1253 1238 1312 ἡσυχῆ,

251 1339 399 1384 ἔπειτα
428 1341 599 1396 μᾶλλον
623 1341 808 1397 μᾶλλον.

140 1458 314 1499 Photius
344 1459 445 1499 Lex.
476 1473 516 1512 p.
541 1458 626 1499 244
654 1452 723 1499 23'.
755 1455 946 1498 Μᾶλλον
973 1455 1165 1512 μᾶλλονε
1198 1451 1298 1498 ἀντὶ
1328 1455 1408 1498 τοῦ
1436 1453 1506 1499 ἀεὶ

30 1527 105 1572 καὶ
141 1527 323 1582 μᾶλλον.
374 1524 551 1580 ”Αλεξις
586 1524 781 1569 Ἀτθίδι
821 1526 928 1577 Πῶς
964 1528 1165 1583 ἐπινεφεῖ
1194 1527 1286 1571 κτλ.
1343 1532 1504 1572 Eadem

29 1600 178 1644 Suidas
222 1614 255 1642 s.
285 1615 323 1642 v.
366 1599 536 1654 μᾶλλον
577 1598 760 1654 μᾶλλον.
838 1601 1138 1655 Interrogative
1181 1601 1319 1642 locum
1358 1603 1506 1643 extulit

31 1671 326 1712 Bernhardius.
392 1672 663 1713 Scribendum
701 1672 838 1725 potius
879 1666 944 1719 ὠς
981 1669 1197 1726 ἐπινεᾳεῖ,
1239 1675 1504 1729 quemadmo-

32 1741 142 1783 dum.
200 1743 376 1784 Videtur
412 1748 535 1797 poeta
564 1744 854 1796 ingravescens
885 1744 1050 1796 aliquod
1088 1744 1244 1785 malum
1273 1757 1367 1786 cum
1398 1750 1504 1786 tem-

33 1818 193 1868 pestate
220 1815 373 1856 sensim
402 1815 638 1868 sensimque
667 1815 888 1867 ingruente
917 1827 1193 1868 comparasse.

532 2031 982 2074 ΑΧΑΙΣ.

746 2157 779 2198 Ι.

248 2239 356 2287 “On
385 2240 531 2286 πάντα
561 2244 616 2286 τὰ
647 2242 875 2302 ζητούμεν’
909 2243 1212 2303 ἐξευρίσκεται,

256 2325 312 2371 ἃν
339 2329 401 2385 μὴ
432 2331 715 2391 προαποστῇς
742 2331 854 2388 μηδὲ
884 2330 961 2374 τὸν
990 2329 1127 2374 πόνον
1157 2329 1320 2393 φύγῃς·

257 2408 370 2457 ὅπου
399 2413 481 2472 γὰρ
510 2413 746 2473 εὑρήκασιν
773 2414 1014 2475 ἄνθρωποί
1048 2432 1156 2467 τινες

258 2500 387 2558 μέρος
416 2515 459 2543 τι
487 2501 575 2543 ταῖν
601 2501 745 2555 θείων
772 2500 968 2561 τοσούτῳ
997 2502 1058 2562 τῷ
1087 2498 1206 2560 τόπῳ

209 2586 236 2627 5
264 2581 505 2641 ἀπέχοντες,
535 2583 710 2645 ἄστρων
737 2586 956 2641 ἐπιτολάς,
986 2586 1144 2641 δύσεις,
1174 2584 1353 2646 τροπάς,

265 2665 456 2724 ἔκλειψιν
482 2668 623 2725 ἡλίου,
653 2670 698 2715 τί
725 2672 814 2715 τῶν
842 2673 1001 2716 κοινῶν
1029 2669 1145 2716 κάτω

265 2751 341 2792 καὶ
367 2756 626 2810 συγγενικῶν
653 2754 831 2802 δύναιτ’
860 2754 917 2801 ἂν
945 2755 1192 2817 ἄνθρωπον
1220 2759 1422 2817 φυγεΐνς,
