1702 3158
225 166 308 207 346
464 208 468 219 ,
816 163 1098 204 ΑΝΑΧιιΑΕ

914 287 986 326 Ill.

845 366 949 415 Πῶς
979 364 1110 421 ἕχειςς
1136 362 1192 414 ῶς
1221 360 1365 420 ἰσχνὸς
1393 360 1453 420 εἷ,-

391 453 445 493 Β.
476 448 734 504 ἀπόλλυμαι.
792 450 933 505 τρέφω
963 447 1043 504 γὰρ
1073 448 1118 490 ἐν
1148 446 1264 505 ἀγρῷ
1287 449 1459 505 χωρίον.

337 566 536 605 Stobaeus
576 565 718 605 Floril.
748 564 861 605 LVII
898 564 924 603 4
967 576 1057 603 cum
1096 563 1284 602 lemmate
1318 557 1589 614 Ἀναξιλάου
1626 561 1671 603 ἐκ

226 631 488 686 Λυροποιοῦ,
519 634 653 686 quode
680 634 771 674 vide
806 634 914 673 nist.
945 634 1034 673 crit.
1065 645 1104 684 p.
1134 633 1229 672 408.
1302 633 1371 674 Vs.
1403 635 1424 672 l
1468 633 1568 680 παΐς
1597 646 1671 686 pro

227 701 315 750 πῶς
343 706 391 744 Α.
418 698 475 750 ὠς
506 703 643 743 Trinc.
702 702 801 743 lbid.
834 698 978 754 ἰσχνὸς
1007 701 1298 743 Valckenarius
1327 715 1401 754 pro
1430 699 1617 755 ἱσχανος.

906 824 975 865 IV.

443 900 523 944 Ἐν
552 903 641 952 τοῖς
671 901 917 956 βαλανείοις
947 900 998 944 οὐ
1026 899 1201 942 τίθεται
1230 899 1446 958 λουτήρια.

334 1004 480 1044 Pollux
508 1004 587 1046 V11
619 1005 723 1044 167:
755 999 995 1055 Ἀναξίλας
1035 1001 1080 1041 δὲ
1116 994 1250 1048 οὕτως
1280 997 1539 1056 (λουτήρια)
1569 996 1672 1041 ὀνο-

225 1068 345 1126 μάζει
374 1070 473 1119 τοὺς
505 1070 583 1111 νῦν
611 1070 821 1127 λουτῆρας
851 1072 984 1124 λέγων
1010 1067 1090 1111 Ἐν
1119 1070 1207 1116 τοῖς
1235 1068 1325 1112 κτλ.
1389 1073 1512 1111 Deest
1550 1071 1669 1124 vulgo

225 1140 284 1193 ἐν,
325 1143 434 1194 quod
470 1143 702 1196 suppletum
739 1157 787 1183 ex
815 1143 854 1182 X
882 1143 961 1182 46:
1003 1139 1073 1180 ἐπὶ
1120 1137 1165 1178 δὲ
1207 1135 1294 1177 τῶν
1339 1137 1418 1179 νῦν
1454 1134 1672 1192 λουτήρων

220 1208 464 1262 Ἀναξίλας
508 1211 553 1252 ἐν
593 1211 825 1269 Λυροποιῷ
859 1206 939 1252 Ἐν
981 1211 1071 1257 τοῖς
1111 1205 1359 1262 βαλανείοις
1403 1204 1456 1250 οὐ
1496 1205 1674 1249 τίθεται

225 1277 444 1337 λουτηρια.

641 1447 1152 1508 ΜΑΓΕΙΡοι.
1213 1468 1252 1516 *J

397 1586 494 1628 Τῶν
522 1580 743 1641 Αἰσχύλου
772 1583 883 1628 πολὺ
911 1583 1078 1639 μᾶλλον
1106 1574 1218 1624 εἶναι’
1248 1598 1325 1638 μοι
1354 1583 1469 1625 δοκεῖ

392 1666 573 1725 ἰχθύδι’
602 1667 754 1711 ὀπτᾶν.
811 1669 867 1712 Β.
896 1667 940 1710 τί
970 1665 1023 1710 σὺ
1051 1667 1202 1721 λε’γειςς
1232 1663 1440 1722 ι’χθύδιας

394 1752 619 1796 συσσίτιον
649 1753 811 1808 μέλλεις
842 1748 1112 1802 νοσηλεύειν,·
1141 1745 1248 1791 ὅσον

393 1834 623 1892 ἀκροκώλι’
659 1836 781 1890 ἕψειν
810 1833 956 1892 ῥύγχη,
990 1831 1141 1881 πόδας.

338 1949 574 1990 Athenaeus
600 1949 658 1988 lll
676 1963 715 2002 p.
732 1949 785 1988 95
802 1962 847 1988 a:
878 1945 1024 1987 ποδῶν
1057 1944 1101 1984 δὲ
1132 1945 1204 1985 καὶ
1231 1940 1382 1994 ω’τίων,
1411 1939 1474 1983 ἔτι
1502 1941 1547 1982 δὲ
1575 1937 1676 1998 ῥύγ-

223 2032 326 2073 χους
345 2014 521 2068 ”Αλεξις
549 2018 626 2068 (sc.
655 2013 934 2070 μνημονεύει)
968 2041 1013 2047 -
1042 2010 1280 2066 Ἀναξίλας
1307 2010 1544 2066 Μαγείροις
1578 2009 1675 2051 Τῶν

227 2083 450 2141 Αἰσχύλου
477 2086 566 2129 κτλ.
623 2090 694 2129 Vs.
725 2090 748 2128 1
781 2084 892 2127 πολὺ
920 2084 1087 2140 μᾶλλον
1118 2088 1248 2126 multo
1269 2084 1583 2138 praestabilius,
1610 2083 1674 2122 iu-

227 2159 348 2201 solito
376 2158 535 2198 dicendi
563 2171 716 2211 genere
745 2162 798 2208 et,
830 2159 871 2198 ni
898 2157 1032 2206 fallor,
1062 2155 1220 2196 vitioso.
1267 2154 1537 2204 Necsusficit
1566 2152 1675 2204 quod

227 2231 439 2271 Dobraeus
467 2229 568 2269 Adv.
596 2229 632 2267 ll
663 2242 702 2280 p.
718 2228 795 2267 301
829 2228 1056 2279 suspicatur
1083 2221 1194 2263 πολὺ
1219 2222 1376 2277 μεῖζον.
1433 2222 1537 2273 Quid
1567 2222 1676 2263 enim

228 2302 307 2340 hoc
356 2304 442 2346 est,
493 2297 602 2350 quod
644 2299 777 2350 pisces
821 2310 956 2337 assare
996 2296 1142 2336 mellus
1183 2308 1273 2335 esse
1316 2293 1413 2333 dicit
1453 2291 1675 2343 tragoediis

231 2368 453 2420 Aeschyli?
509 2392 562 2398 —-
622 2368 691 2408 Vs.
720 2368 747 2406 3
786 2363 1011 2406 συσσίτιον
1053 2365 1106 2405 de
1145 2363 1326 2405 convivio
1357 2362 1399 2401 h.
1430 2374 1466 2400 e.
1498 2360 1676 2400 convivis

231 2440 382 2478 dictum
413 2437 454 2477 in
484 2437 703 2476 rarioribus
733 2442 808 2477 est.
849 2462 902 2468 -—-
944 2437 1012 2476 Vs.
1044 2435 1070 2473 4
1100 2431 1221 2486 ἕψειν
1250 2444 1322 2483 pro
1351 2426 1472 2481 ἑψεῖν
1501 2430 1676 2469 Dindor-

229 2509 321 2547 fius.
376 2504 471 2545 ἐστὶ
500 2507 608 2558 quod
636 2506 757 2559 vulgo
786 2510 879 2558 post
908 2503 1030 2559 ἕψειν
1057 2504 1206 2556 legitur
1236 2500 1424 2540 omittunt
1452 2499 1535 2538 BP.
1576 2498 1675 2538 Din-

232 2577 387 2618 dorfius
427 2577 535 2616 inter
572 2572 694 2627 ἕψειν
723 2580 764 2616 et
793 2570 924 2632 ῥύγχη
963 2576 1147 2615 lacunam
1183 2570 1386 2611 indicavit.
1443 2568 1603 2611 Vereor
1630 2570 1675 2608 ut

326 2721 357 2763 ⁸)
382 2720 420 2753 V.
446 2719 534 2753 Hist.
559 2718 634 2750 crit.
658 2729 690 2761 p.
715 2717 794 2752 406.
