1702 3158
534 165 953 210 PHILETAERUS.
1402 165 1485 207 677

505 277 975 322 ΚΥΝΑΓΙΣ.

713 365 766 406 11.

12 442 234 486 Hominem
263 437 476 480 mortalem
503 435 644 477 facere
673 437 772 489 quid
802 436 968 477 tandem
1005 438 1068 476 eet
1098 447 1219 489 opus,

12 514 92 556 nisi
123 512 302 554 suaviter
328 521 473 550 aevum
505 509 673 561 degere,
703 512 828 559 atque
858 507 900 546 id
931 508 974 547 in
1007 507 1132 557 diem,

12 586 49 628 si
77 585 167 638 quis
196 581 316 623 modo
345 580 494 620 habeat
522 578 654 619 unde:
684 583 905 630 praeterea
936 577 1039 618 nihil

13 653 237 697 curandum
264 655 340 700 est,
369 649 466 703 quid
495 653 616 702 agant
643 649 849 699 homines,
879 651 950 689 aut
980 647 1078 700 quid
1109 660 1191 688 non
1218 651 1358 702 agant,

13 738 91 767 nec
119 724 216 777 quid
245 722 429 762 futurum
459 733 547 760 cras
577 721 642 770 sit,
671 724 860 761 nostrum
891 722 954 761 est
982 731 1200 772 quaerere.

11 807 84 836 rex
114 794 324 834 anxiorum
353 791 582 845 pridianam
616 791 726 833 intus
754 791 840 845 pati

11 864 224 919 pecuniam
254 863 404 904 iacere.

474 963 1009 1042 01⁴Nb11152N.

687 1085 930 1126 Mortalium

12 1159 82 1214 qui
111 1171 194 1200 non
222 1158 329 1199 bene
357 1156 497 1198 vivunt
525 1166 619 1196 cum
649 1155 816 1198 divitiae
846 1159 1082 1210 suppetant,

15 1230 95 1271 hos
125 1229 306 1271 omnium
336 1240 428 1270 esse
455 1226 649 1281 praedico
678 1226 950 1268 miserrimos.

15 1313 110 1342 nam
138 1305 322 1342 mortuus
350 1311 432 1341 non
462 1297 657 1340 comedes
685 1297 901 1352 anguillae,
934 1309 1071 1351 neque

16 1374 244 1426 coquuntur
270 1371 311 1414 in
341 1371 450 1414 Orco
478 1369 560 1411 liba
589 1370 800 1425 nuptialia.

475 1681 1019 1739 AMPHIS.

527 1926 962 1972 ΑΘΛΜΑΣ.

21 2014 165 2066 Nonne
193 2016 328 2054 autem
357 2025 485 2056 uxore
515 2015 645 2056 multo
675 2010 988 2056 benevolentior

25 2084 150 2124 amica
178 2086 268 2125 est?
296 2090 423 2127 certe.
481 2098 617 2138 neque
645 2098 744 2126 vero
774 2086 919 2126 hercle
946 2087 1117 2127 iniuria:

26 2166 195 2206 namque
220 2155 289 2195 illa
319 2157 414 2211 lege
442 2156 594 2198 ferocit
622 2161 665 2196 et
693 2156 848 2196 retinet
882 2157 1059 2197 domum.

26 2222 129 2264 haee
156 2229 288 2266 autem
315 2228 429 2268 novit
456 2232 524 2268 aut
553 2227 737 2268 venustis
765 2227 949 2268 moribus

24 2292 222 2336 hominem
250 2296 498 2352 illigandum,
527 2303 598 2339 aut
627 2298 750 2339 alium
781 2299 1060 2350 quaerendum
1090 2297 1180 2339 sibi.

14 2517 17 2542 ι
391 2474 1107 2519 ΛΜΦΙΚΡΑΤΗΣ.

4 2548 109 2611 *mhi
133 2557 280 2601 bonum
309 2563 361 2602 sit
389 2562 504 2613 illud,
535 2564 650 2604 cuius
682 2568 725 2604 tu
754 2576 830 2617 per
859 2564 966 2603 hanc

15 2614 75 2669 {te
100 2632 309 2683 compotiri
337 2645 493 2685 speres,
522 2634 640 2684 here,
669 2635 712 2674 id
741 2646 873 2686 aeque
903 2634 989 2673 scio

17 2698 149 2750 ,atque
174 2700 242 2742 ubi
270 2701 390 2744 situm
417 2704 471 2744 sit
499 2705 610 2756 quod
639 2705 759 2746 Plato
789 2704 889 2744 dicit
918 2703 1080 2744 bonum.
