1702 3158
203 147 285 187 8⁰4
801 136 1071 181 AMPHmls

202 257 274 297 Vs.
303 256 330 295 2
365 251 457 293 libri
498 265 566 302 αι,
604 252 646 291 in
686 261 765 301 quo
803 247 876 287 ναὶ
912 249 1041 288 latere
1078 248 1302 300 suspicatus
1337 253 1400 290 est
1436 251 1641 307 Schweig-
1691 256 1702 308 ¹:

203 326 440 365 liaeuserus.
510 323 781 361 Personarum
817 318 927 358 vices
956 318 1136 357 distinxit
1165 317 1373 359 Dobraeus
1402 321 1570 362 Advers.
1602 323 1641 362 11
1690 313 1702 365 ζ’

1691 144 1693 146 ⁴
1685 111 1694 138 :ar

203 408 243 446 p.
273 394 368 433 348.
440 392 501 431 De
530 387 703 442 perfecti
730 386 862 427 forma
901 381 1178 440 ἀληλεμένος,
1216 400 1334 439 quam
1372 401 1512 431 omnes
1548 392 1642 431 libri

203 465 391 510 tuentur,
429 473 509 500 non
544 458 702 497 videtur
740 457 913 497 dubitari
951 469 1096 509 posse,
1135 469 1372 509 quamquam
1408 458 1518 500 aliud
1555 462 1644 501 eius

204 531 432 582 exemplum
470 541 550 568 non
586 528 628 567 in
666 530 855 579 promptu
895 531 970 567 est.
1036 526 1448 579 Schweighaeuserus
1477 535 1520 571 et·
1546 531 1644 573 Din-

204 601 357 642 dorfins
386 599 521 638 locum
550 597 606 636 ita
635 596 868 636 ediderunt:

476 662 561 714 ἤδη
591 659 692 705 πότ’
718 660 906 714 ἤκουσας
935 661 1034 716 βίον
1062 660 1353 718 ἀληλεσμένον

480 739 499 759 *
557 738 575 757 *
634 738 652 758 *
712 748 760 772 αι
788 729 911 773 τοῦτ’
944 730 1067 774 ἐκεῖν’
1102 731 1219 775 ἔστιν
1248 733 1412 788 σαφῶς.

204 809 397 849 Ceterum
427 801 716 855 ἀληλεσμένος
746 800 852 855 βίος,
882 805 1030 844 molita
1058 806 1171 853 vita,
1211 818 1285 856 pro
1314 818 1392 856 quo
1421 805 1546 846 fuisse
1574 808 1644 859 qui

204 872 492 927 ἀληλιμμένος
522 870 631 925 βίος,
658 878 787 913 uncta
816 874 920 922 vita,
959 875 1249 914 substituerent
1277 875 1447 916 casaub.
1477 883 1645 918 annota-

202 947 285 994 vit,
321 944 618 998 proverbialem
648 937 927 993 loquutionem
957 955 1047 983 esse
1077 948 1258 993 constat,
1294 957 1371 996 qua
1408 946 1488 984 vita
1522 947 1644 997 signi-

203 1016 348 1055 ficatur
384 1014 533 1052 lautior
575 1018 616 1051 et
654 1011 902 1062 elegantior,
940 1013 1237 1063 opponiturque
1264 1014 1484 1064 primorum
1514 1015 1647 1055 homi-

203 1097 300 1124 num
344 1082 450 1121 vitae
492 1080 648 1120 rudiori
689 1084 732 1120 et
776 1080 990 1138 glandibus
1028 1085 1256 1121 contentae.
1322 1084 1559 1125 Eustathius
1595 1086 1646 1126 ad
1676 1074 1695 1115 ᾖ

203 1154 327 1193 Hom.
364 1164 405 1203 p.
436 1151 545 1190 1859
575 1150 654 1189 48:
691 1144 981 1200 ἀληλεσμένον
1017 1145 1116 1200 βίον
1146 1147 1220 1197 ζῆν
1257 1147 1452 1200 λέγονται
1489 1152 1532 1208 οἱ,
1567 1156 1647 1209 ῥᾳ-

205 1218 306 1268 δίως
335 1218 408 1259 καὶ
437 1214 609 1266 ἀπόνως
638 1215 845 1270 βιοῦντες.
912 1219 1071 1268 Suidas,
1115 1215 1428 1272 Ἀληλεσμένος
1457 1219 1551 1273 βίος
1578 1222 1650 1263 ἐπὶ

203 1289 290 1330 τῶν
317 1288 363 1329 ἐν
394 1284 599 1343 ἀφθονίᾳ
628 1285 712 1326 τῶν
741 1284 995 1335 ἐπιτηδείων
1023 1284 1173 1330 ὄντων.
1237 1292 1435 1344 Apposite
1465 1293 1649 1346 Porphy-

202 1362 287 1401 rius
325 1361 376 1399 de
418 1360 573 1399 Abstin.
605 1359 643 1397 11
673 1360 699 1397 6
740 1359 981 1397 casaubono
1025 1359 1191 1399 citatus:
1230 1357 1308 1398 τοῦ
1344 1358 1389 1398 δὲ
1417 1357 1649 1415 ἀληλεσμέ-

203 1441 283 1469 νου
315 1427 415 1480 βίου
444 1423 563 1480 παρὰ
599 1422 652 1464 τὰ
683 1421 883 1479 πρόσθεν
910 1426 1261 1479 μακαρισθέντος
1298 1424 1545 1483 ἁπήρξαντο
1572 1430 1648 1481 τῆς

205 1495 482 1552 ψαισθείσης
510 1493 672 1548 τροφῆς
702 1494 873 1548 πρῶτον
900 1490 959 1543 εἷς
988 1496 1072 1549 πῦρ
1105 1497 1191 1544 τοῖς
1220 1497 1353 1546 θεοῖς.
1411 1500 1650 1542 Ρατοειηὶοέ

203 1569 452 1624 graphorum
482 1567 571 1606 loca
601 1566 814 1618 adscripsit
843 1566 1268 1618 Schweighaeuser-us.
1310 1593 1363 1600 —
1407 1569 1476 1610 vs.
1505 1571 1533 1609 3
1571 1582 1653 1619 ση-

206 1637 352 1693 σαμαῖ
375 1637 802 1689 Schweighaeuserus.
859 1636 992 1687 Vulgo
1023 1633 1233 1687 σησαμαί.
1293 1662 1346 1669 -—
1394 1639 1462 1680 Vs.
1492 1639 1520 1679 5
1549 1635 1652 1680 ὀνό-

205 1722 324 1763 ματα
355 1705 439 1745 τῶν
470 1703 637 1745 δώδεκα
666 1701 799 1744 θεῶν.
859 1706 1028 1754 „Voluit
1057 1706 1220 1755 dicere,
1255 1708 1529 1759 superioribus
1558 1724 1650 1751 ver-

206 1781 317 1820 sibus
353 1777 557 1817 nominata
594 1788 685 1815 esse
720 1788 871 1827 genera
911 1775 1124 1815 duodecim
1163 1776 1364 1825 ciborum,
1401 1790 1481 1818 non
1517 1780 1651 1821 minus

204 1849 282 1888 sibi
310 1851 518 1900 gratorum
555 1857 674 1896 quam
716 1845 930 1885 duodecim
968 1845 1036 1896 qui
1077 1845 1314 1885 dicebantur
1350 1847 1444 1887 dii.”
1501 1849 1652 1890 Canau-

203 1919 348 1958 bonus.
422 1915 536 1954 Idem
574 1927 737 1954 versum
773 1914 969 1954 excidisse
1006 1915 1231 1967 suspicatur
1277 1916 1317 1955 in
1354 1929 1433 1967 quo
1473 1919 1651 1971 quinque

204 1988 376 2027 aliorum
406 1985 588 2025 ciborum
619 1984 784 2023 nomina
813 1988 1127 2024 commemorata
1156 1982 1328 2035 fuerint3
1369 1997 1472 2038 quae
1507 2001 1650 2040 parum

203 2056 424 2111 probabilis
453 2058 516 2094 est
546 2053 791 2094 coniectura.

906 2123 959 2163 11.

480 2202 708 2260 Εὐρύβατε
737 2203 987 2258 κνισολοιχέ,
1017 2201 1093 2247 οὐκ
1123 2202 1232 2247 ἔσθ’
1262 2199 1378 2255 ὅπως

479 2285 555 2329 οὐκ
586 2283 885 2343 ὀλβιογάστωρ
913 2277 954 2343 εἷ
971 2285 1038 2331 σύ.

315 2401 551 2443 Athenaeus
581 2400 639 2441 lx
666 2413 707 2453 p.
739 2402 822 2441 386
839 2414 883 2442 e:
914 2398 992 2440 τοῦ
1018 2402 1096 2453 μὲν
1125 2397 1456 2457 ὀλβιογάστορος
1474 2398 1650 2456 ”Αμφις

204 2468 422 2525 μέμνηται
459 2467 505 2508 ἐν
542 2467 874 2524 Γυναικομανίᾳ
912 2466 1072 2510 οὑτωσὶ
1109 2469 1261 2523 λέγων·
1296 2467 1521 2525 Εὐρύβατε
1558 2472 1647 2515 κτλ..

205 2541 366 2582 Omisso
413 2540 591 2580 auctoris
630 2540 793 2580 nomine
831 2540 973 2580 eadem
1010 2532 1406 2582 habet'Eustathius
1444 2543 1495 2583 ad
1534 2544 1649 2585 Iliad.

205 2623 248 2664 p.
277 2609 360 2649 402
389 2609 429 2648 7.
460 2609 530 2648 ubi
561 2606 825 2660 κνισσολοιχὲ
856 2610 1051 2662 scriptum
1078 2614 1152 2659 est,
1181 2615 1227 2651 ut
1253 2612 1295 2652 in
1327 2613 1373 2653 G.
1413 2611 1651 2667 κνισολοῖχε

205 2681 256 2721 Δ.
299 2672 564 2730 κνισσόλοιχε
594 2679 641 2720 L.
689 2676 918 2731 κνισολεΐχε
948 2678 1032 2722 PV.
1098 2681 1282 2723 Eandem
1309 2677 1494 2723 τόνωσιν
1520 2684 1651 2725 tenuit
