1702 3158
199 175 281 215 268
811 167 1024 210 EUBULI

862 278 978 319 XIII.

587 356 773 414 Φηγούς,
801 354 940 414 κάρυα
972 354 1218 414 Καρύστια.

308 465 541 507 Athenaeus
570 464 609 504 11
638 475 678 515 p.
707 461 817 502 521).
855 461 907 502 de
944 454 1118 514 καρύοις
1147 459 1375 501 disserens:
1417 454 1635 512 Εὔβουλος

205 531 396 587 Ψηγούς,
424 529 560 586 κάρυα
591 526 834 585 Καρύστια.

865 618 976 660 XIV.

306 711 542 754 Athenaeus
561 709 599 749 11
629 721 670 761 p.
686 707 740 748 65
754 721 803 749 e:
822 700 933 747 “On
956 704 1006 747 τὸ
1037 701 1336 763 στρουθάριον
1364 698 1468 758 παρ’
1488 699 1634 750 ἄλλοις

194 795 240 821 τε
267 779 340 821 καὶ
370 775 475 832 παρ’
505 773 736 832 Εὐβούλῳ·
765 773 1042 830 Περδίκια
1070 772 1201 828 λάβε
1229 769 1441 827 τέτταρ’
1477 768 1505 823 ἢ
1542 772 1634 813 καὶ

195 850 380 898 πέντε,
423 843 750 894 δασύποδας
792 846 970 900 τρεῖς,
1020 838 1371 900 στρουθάριά
1410 837 1468 883 θ’
1512 835 1632 882 οἷον
1695 848 1699 851 ’

192 916 510 973 ἐντραγεῖν,
549 911 995 971 ᾇκανθυλλίδας,
1042 909 1358 968 βιττάκους,
1417 908 1634 964 σπίνια,
1695 929 1698 930 ’

193 985 520 1045 κερχνῇδας,
557 978 621 1024 τά
660 979 704 1023 τ’
735 979 849 1025 ἄλλ’
888 979 1007 1025 ἅττ’
1047 982 1108 1024 ἂν
1145 978 1419 1039 ἐπιτύχῃς.
1484 984 1531 1025 In
1567 983 1632 1024 his

194 1072 270 1113 pro
299 1053 406 1108 λάβε
448 1062 525 1095 etc.
564 1065 613 1094 ex
641 1055 674 1095 G
712 1059 918 1095 enotatum
958 1049 1109 1106 λάβετε
1144 1049 1289 1107 τὲταρ’
1317 1047 1345 1101 ἢ
1381 1050 1518 1092 πέντε.
1585 1052 1631 1093 In

193 1130 279 1169 fine
305 1118 402 1164 ἅττ’
430 1124 550 1164 BDC.
586 1116 640 1161 ἅτ
668 1123 755 1165 VL.
811 1124 987 1164 Possunt
1020 1123 1090 1163 ina
1123 1122 1234 1163 facili
1261 1135 1385 1175 opera
1413 1122 1464 1163 nd
1492 1121 1632 1161 trime.-
1657 1154 1658 1158 ,

193 1202 279 1238 tros
307 1194 511 1242 revocari,
549 1192 624 1233 sed
652 1196 723 1232 aut
751 1192 893 1246 exigua
921 1196 991 1233 aut
1017 1192 1129 1233 nulla
1157 1192 1242 1232 veri
1271 1193 1420 1245 specie.
1490 1191 1632 1231 PrIorn

195 1272 330 1309 tamen
359 1263 456 1304 satis
484 1263 644 1315 integra
672 1265 788 1302 sunt:

303 1327 518 1385 Περδίκια
546 1326 651 1382 λάβε
681 1325 850 1383 τέτταρ’
881 1323 910 1379 ἢ
936 1328 1009 1370 καὶ
1037 1328 1173 1378 πέντε,
1201 1329 1276 1369 καὶ

301 1402 412 1458 τρεῖς
442 1395 707 1448 δασύποδας,
736 1393 1012 1452 στρουθάριά
1039 1393 1101 1438 θ’
1132 1390 1227 1438 οἷον
1254 1396 1484 1452 ἐντραγεῖν.

191 1477 299 1517 Ante
341 1464 671 1515 άκανθυλλίδας
709 1469 827 1520 plura
869 1469 1057 1509 videntur
1099 1468 1309 1509 excidisse.
1388 1469 1534 1509 Cetera
1558 1467 1630 1507 'ita

193 1542 443 1586 constituere
472 1539 623 1591 possis:

412 1607 486 1648 καὶ
515 1600 744 1659 βιττάκους
773 1605 847 1646 καὶ
875 1602 1028 1647 σπίνια
1057 1604 1132 1646 καὶ
1159 1600 1396 1661 κερχνῂδια,

307 1729 309 1733 f
412 1671 511 1716 ἄλλ’
544 1669 643 1715 ἅττ’
676 1669 731 1715 ἂν
759 1670 972 1731 ἐπιτύχῃς.

191 1745 408 1795 Βίττακος
449 1747 515 1788 vel
552 1743 756 1798 βιττακὸς
799 1747 883 1786 avis
931 1744 1074 1786 eadem
1116 1748 1178 1785 est
1217 1757 1320 1796 quae
1358 1757 1382 1784 a
1422 1743 1628 1796 plerisque

190 1811 415 1872 ψιττακός,
453 1830 476 1856 α
505 1816 710 1856 nonnanis
753 1815 874 1856 etiam
912 1809 1114 1859 σιττακὸς
1151 1813 1311 1853 dicitur.
1368 1813 1525 1852 Eadem
1554 1825 1627 1853 no·
1691 1817 1697 1821 “

188 1888 310 1929 minis
336 1886 469 1927 forma
497 1897 594 1925 usus
624 1889 687 1925 est
726 1884 884 1925 ctesias
923 1883 1062 1923 Photii
1100 1883 1204 1923 Bibl.
1233 1883 1288 1923 72
1317 1894 1357 1936 1».
1386 1881 1441 1923 45
1469 1882 1524 1922 35
1561 1882 1626 1924 ed.

188 1957 315 1999 Bekk.
345 1951 441 2008 περὶ
471 1950 550 1992 τοῦ
575 1947 725 2006 ὀρνέου
753 1949 831 1991 τοῦ
855 1947 1073 2004 βιττάκου.

837 2041 913 2083 XV
942 2055 979 2083 a.

400 2112 746 2177 ’Λμφιδρομίων
773 2118 926 2172 ὄντων,
951 2122 998 2163 ἐν
1024 2114 1089 2171 οἷς
1117 2119 1332 2175 νομίζεται

406 2203 547 2247 ὀπτᾶν
575 2219 618 2245 τε
647 2204 778 2260 τυροῦ
807 2202 1129 2261 Χερρονησίτου
1157 2201 1305 2258 τόμον,

408 2288 529 2343 ἕψειν
558 2285 602 2328 τ’
630 2286 759 2344 ἐλαίῳ
787 2286 987 2346 ῥάφανον
1013 2286 1316 2343 ἦγλαϊσμένην,

407 2368 574 2424 πνίγειν
603 2385 646 2411 τε
675 2371 845 2426 παχέων
873 2369 1034 2427 ἀρνίων
1062 2368 1296 2422 στηθύνια,

407 2451 565 2496 τίλλειν
593 2467 636 2495 τε
665 2449 831 2509 φάττας
857 2455 930 2496 καὶ
959 2452 1105 2509 κίχλας
1133 2451 1244 2509 ὁμοῦ
1270 2448 1451 2502 σπίνοις,

408 2535 520 2591 ὁμοῦ
543 2551 589 2578 τε
612 2533 788 2593 χναύειν
812 2535 1010 2591 μαινίσιν
1039 2535 1236 2588 σηπίδια,

408 2619 562 2661 πιλοῦν
592 2635 633 2661 τε
662 2619 822 2670 πολλάς
849 2616 1085 2669 πλεκτάνας
1112 2617 1386 2673 ἐπιστρεφῶς,

410 2700 551 2744 πίνειν
580 2718 622 2744 τε
653 2702 814 2754 πολλάς
842 2701 1014 2752 κύλικας
1042 2700 1355 2759 εὐζωρεστέρας.
