1702 3158
256 156 350 199 HA
355 155 411 198 M
413 151 596 197 ΦΙΛΗ.
668 149 716 192 Π
724 145 856 192 ΑΓΚ
859 143 941 188 ΡΑ
948 141 1100 188 ΤΙΑΣ
1103 141 1250 187 ΤΗΣ.
1393 144 1475 187 461

485 315 994 367 ΠΑΜΦΙΛΗ.

725 435 757 476 1.

121 524 303 584 Ἐρῶντι
332 524 392 575 δέ,
424 518 629 574 Κτήσων,
659 517 702 561 τί
729 515 900 574 μᾶλλον
928 514 1140 571 συμφέρει

120 604 184 654 ὦν
212 611 291 653 νῦν
319 609 463 667 φέρων
492 603 693 663 πάρειμι,
718 600 922 660 κήρυκας,
951 599 1119 651 κτένας,

122 692 322 753 βολβούς,
350 694 492 750 μέγαν
519 707 562 734 τε.
596 685 851 733 πουλύπουν
879 680 1013 742 ἰχθῦς
1042 682 1104 727 θ’
1133 680 1307 743 ἁδρούς.

121 811 358 854 Athenaeus
389 809 447 850 lx
476 822 518 862 p.
549 805 697 846 3562:
741 798 969 860 ἐμφανίζει
1011 799 1058 841 δὲ
1101 800 1178 841 καὶ
1210 797 1392 853 ”Αλεξις
1436 800 1484 842 έν

10 877 234 937 Παμφίλῃ
269 878 350 921 τοῦ
388 872 666 924 πουλύποδος
694 872 745 915 τὸ
772 869 992 929 χρήσιμον
1019 870 1157 925 λέγων
1184 862 1269 912 ὦδε
1295 868 1485 928 Ἐριιῖντι

10 951 101 995 κτλ.
166 953 238 996 Vs.
270 953 292 992 1
335 952 458 1005 vulgo
494 945 603 1004 ἐρῶν
641 941 684 985 τί
720 940 768 985 δ’
805 940 988 995 ἐκτήσω.
1046 945 1236 986 Correxit
1271 945 1482 999 Schweig-

9 1025 239 1066 haeuserus
270 1023 434 1064 adiutus
464 1021 668 1074 scriptura
697 1017 789 1058 cod.
807 1018 843 1058 A
871 1016 912 1058 in
943 1029 1026 1070 quo
1057 1020 1120 1057 est
1144 1012 1191 1055 δὲ
1219 1010 1406 1064 κτήσων.
1427 1043 1485 1052 ..-

11 1097 85 1139 Vs.
113 1097 141 1137 2
178 1089 364 1148 κήρυκας
399 1090 491 1133 κτλ.
559 1091 623 1131 De
651 1089 891 1130 accusativis
920 1088 1004 1130 inis
1033 1088 1128 1129 vide
1156 1087 1210 1128 ed
1238 1087 1485 1143 Antiphanis

12 1166 159 1222 fragm.
189 1179 231 1219 p.
260 1165 329 1206 88.
358 1188 414 1197 -·
441 1162 514 1206 Vs.
544 1162 572 1202 3
601 1161 696 1202 libri
726 1154 964 1201 πολύπουν.

716 1285 771 1326 11.

237 1368 482 1426 Παρέθηκε
513 1366 593 1419 τὴν
623 1363 851 1425 τράπεζαν,
882 1356 977 1407 εἶτα
1007 1365 1279 1423 παραφέρων

235 1451 427 1510 ἀγαθῶν
456 1450 643 1510 ἁμάξας.

129 1559 368 1601 Athenaeus
400 1559 458 1599 lx
488 1573 529 1613 p.
546 1560 629 1601 380
645 1573 683 1600 e.
713 1559 766 1600 de
795 1558 923 1599 verbo
954 1555 1227 1612 παραφέρειν
1258 1558 1487 1599 disserens:

8 1624 186 1680 ”Αλεξις
215 1626 440 1685 Παμφίλη
464 1629 715 1685 ’Παρὲθηκε
745 1627 836 1670 κτλ.
907 1629 980 1671 Vs.
1009 1630 1036 1669 2
1065 1623 1236 1683 ἁμάξας
1266 1630 1315 1681 L.
1373 1622 1490 1682 ἀμά-

17 1699 94 1753 ξας
124 1701 212 1745 PV.

295 1910 1210 1955 ΠΑΓΚΡΑΤΙΑΣΤΗΣ.

187 2036 375 2093 Πρῶτον
403 2040 484 2094 μὲν
512 2027 570 2089 ἦν
600 2052 673 2079 σοι
704 2035 997 2091 Καλλιμέδων
1025 2034 1048 2077 ὸ
1078 2031 1306 2092 Κάραβος,

187 2119 332 2163 ἔπειτα
365 2122 575 2180 Κόρυδος,
610 2121 818 2177 Κωβίων,
848 2118 1101 2177 Κυρηβίων,

187 2203 211 2247 ὁ
239 2204 481 2264 Σκόμβρος,
514 2207 542 2259 ἡ
571 2206 826 2263 Σεμίδαλις.
885 2206 946 2250 Β.
966 2203 1192 2262 ‘Hpoixzag
1222 2203 1335 2261 ᾳίλε,

186 2288 464 2350 ἀγοράσματ’
493 2293 545 2338 οὐ
573 2291 824 2351 συμπόσιον
852 2292 1041 2349 εἴρηκας,
1071 2287 1215 2345 γύναι.

134 2406 370 2450 Athenaeus
399 2410 457 2452 Vl
484 2422 529 2462 p.
556 2410 706 2451 242112
737 2407 784 2449 ἐν
814 2407 861 2449 δὲ
892 2405 951 2466 τῷ
980 2400 1332 2460 Παγκρατιαστῇ
1351 2397 1489 2443 ''Aac-

28 2471 90 2524 ξῑς
125 2475 441 2530 τρεχεδείπνους
485 2477 737 2532 καταλέγων
775 2476 915 2535 φησίν
954 2476 1143 2534 Πρῶτον
1185 2476 1266 2529 μὲν
1304 2465 1359 2525 ἦν
1396 2473 1487 2516 κτλ.

30 2544 102 2585 V·-
128 2547 156 2586 2
183 2561 256 2600 pro
286 2546 474 2601 Κωβίων
515 2563 564 2591 ex
593 2551 626 2591 B
659 2556 870 2592 enotatum
902 2547 1106 2603 Κυβίων,
1150 2562 1200 2589 ex
1230 2549 1263 2588 C
1297 2542 1489 2598 Κωβιός,

32 2614 142 2665 quod
168 2615 340 2660 fortasse
367 2633 509 2661 verum
539 2626 616 2662 est.
684 2622 760 2663 Cfr
790 2623 928 2664 ARexis
960 2623 1078 2662 Isost.
1111 2619 1171 2660 111
1202 2620 1245 2668 3,
1280 2619 1351 2659 ubi
1390 2631 1490 2659 eon-

31 2682 444 2742 issssssuntur'Utpwv,
475 2686 711 2745 Κάραβος,
741 2692 816 2732 καὶ
851 2687 1044 2745 Κωβιός,
1073 2686 1326 2744 Σεμίδαλις.
1385 2687 1490 2728 lbid.

30 2751 270 2808 Κυρηβίων
296 2759 380 2800 Ac.
420 2758 638 2815 κηρυβίων
669 2764 777 2807 PVL
826 2776 971 2804 errore
1013 2762 1187 2804 solenni.
1246 2787 1301 2792 —
1358 2759 1430 2801 Vs.
1461 2758 1490 2797 3
