<?xml version="1.0" encoding="UTF-8"?>
<!DOCTYPE html PUBLIC "-//W3C//DTD XHTML 1.0 Transitional//EN"
    "http://www.w3.org/TR/xhtml1/DTD/xhtml1-transitional.dtd">
<html xmlns="http://www.w3.org/1999/xhtml" xml:lang="en" lang="en">
 <head>
  <title>
</title>
<meta http-equiv="Content-Type" content="text/html;charset=utf-8" />
  <meta name='ocr-system' content='tesseract 3.04.00' />
  <meta name='ocr-capabilities' content='ocr_page ocr_carea ocr_par ocr_line ocrx_word'/>
</head>
<body>
  <div class='ocr_page' id='page_1' title='image "./fragmentacomicor03meinuoft_0497.png"; bbox 0 0 1702 3158; ppageno 0'>
   <div class='ocr_carea' id='block_1_1' title="bbox 263 128 1548 183">
    <p class='ocr_par' dir='ltr' id='par_1_1' title="bbox 263 128 1548 183">
     <span class='ocr_line' id='line_1_1' title="bbox 263 128 1548 183; baseline -0.007 0"><span class='ocrx_word' id='word_1_1' title='bbox 263 134 600 183; x_wconf 85' lang='grc' dir='ltr'><em>ΤΟΚΙΣΤΗΣ</em></span> <span class='ocrx_word' id='word_1_2' title='bbox 628 133 680 176; x_wconf 90' lang='grc' dir='ltr'>Η</span> <span class='ocrx_word' id='word_1_3' title='bbox 713 130 896 174; x_wconf 87' lang='grc' dir='ltr'><em>ΚΑΤΑ</em></span> <span class='ocrx_word' id='word_1_4' title='bbox 906 128 1347 174; x_wconf 84' lang='grc' dir='ltr'><em>ΨΕΥΔΟΜΕΝΟΣ.</em></span> <span class='ocrx_word' id='word_1_5' title='bbox 1462 132 1548 174; x_wconf 75' lang='lat'><em>489</em></span> 
     </span>
    </p>
   </div>
   <div class='ocr_carea' id='block_1_2' title="bbox 61 247 1550 380">
    <p class='ocr_par' dir='ltr' id='par_1_2' title="bbox 61 247 1550 380">
     <span class='ocr_line' id='line_1_2' title="bbox 61 247 1550 303; baseline -0.007 -3"><span class='ocrx_word' id='word_1_6' title='bbox 61 257 222 301; x_wconf 76' lang='lat' dir='ltr'><strong>correxi</strong></span> <span class='ocrx_word' id='word_1_7' title='bbox 251 257 331 297; x_wconf 77' lang='lat' dir='ltr'><em>iam</em></span> <span class='ocrx_word' id='word_1_8' title='bbox 362 255 462 296; x_wconf 82' lang='lat' dir='ltr'><strong>olim</strong></span> <span class='ocrx_word' id='word_1_9' title='bbox 500 252 551 293; x_wconf 78' lang='lat' dir='ltr'><em>ad</em></span> <span class='ocrx_word' id='word_1_10' title='bbox 580 250 800 292; x_wconf 81' lang='lat' dir='ltr'><strong>Menandr.</strong></span> <span class='ocrx_word' id='word_1_11' title='bbox 831 263 871 303; x_wconf 87' lang='lat' dir='ltr'><em>p.</em></span> <span class='ocrx_word' id='word_1_12' title='bbox 903 247 1001 289; x_wconf 79' lang='lat'>154.</span> <span class='ocrx_word' id='word_1_13' title='bbox 1043 273 1097 281; x_wconf 90' lang='lat'><em>-—</em></span> <span class='ocrx_word' id='word_1_14' title='bbox 1134 247 1206 289; x_wconf 81' lang='lat' dir='ltr'><em>Vs.</em></span> <span class='ocrx_word' id='word_1_15' title='bbox 1238 248 1266 287; x_wconf 82' lang='lat'>4</span> <span class='ocrx_word' id='word_1_16' title='bbox 1296 247 1420 301; x_wconf 81' lang='lat' dir='ltr'><strong>vulgo</strong></span> <span class='ocrx_word' id='word_1_17' title='bbox 1451 260 1550 290; x_wconf 85' lang='lat' dir='ltr'><strong>con-</strong></span> 
     </span>
     <span class='ocr_line' id='line_1_3' title="bbox 62 318 1550 380; baseline -0.007 -10"><span class='ocrx_word' id='word_1_18' title='bbox 62 329 233 371; x_wconf 78' lang='lat' dir='ltr'><strong>iunctim</strong></span> <span class='ocrx_word' id='word_1_19' title='bbox 263 319 419 380; x_wconf 75' lang='grc' dir='ltr'><em>ὅμοιον</em></span> <span class='ocrx_word' id='word_1_20' title='bbox 467 322 541 364; x_wconf 87' lang='grc' dir='ltr'><em>καὶ</em></span> <span class='ocrx_word' id='word_1_21' title='bbox 582 318 755 361; x_wconf 86' lang='grc' dir='ltr'><em>δίκαιον</em></span> <span class='ocrx_word' id='word_1_22' title='bbox 795 325 874 360; x_wconf 79' lang='lat' dir='ltr'><strong>etc.</strong></span> <span class='ocrx_word' id='word_1_23' title='bbox 942 320 1074 360; x_wconf 82' lang='lat' dir='ltr'>Recte</span> <span class='ocrx_word' id='word_1_24' title='bbox 1113 318 1296 359; x_wconf 75' lang='lat' dir='ltr'><strong>distinxit</strong></span> <span class='ocrx_word' id='word_1_25' title='bbox 1334 318 1550 359; x_wconf 73' lang='lat' dir='ltr'><strong>Dobraeus</strong></span> 
     </span>
    </p>
   </div>
   <div class='ocr_carea' id='block_1_3' title="bbox 0 382 1551 525">
    <p class='ocr_par' dir='ltr' id='par_1_3' title="bbox 0 382 1551 525">
     <span class='ocr_line' id='line_1_4' title="bbox 60 382 1551 452; baseline -0.009 -11"><span class='ocrx_word' id='word_1_26' title='bbox 60 400 165 442; x_wconf 84' lang='lat' dir='ltr'><strong>Adv.</strong></span> <span class='ocrx_word' id='word_1_27' title='bbox 198 400 235 439; x_wconf 88' lang='grc' dir='ltr'><em>ΙΙ</em></span> <span class='ocrx_word' id='word_1_28' title='bbox 277 413 315 452; x_wconf 88' lang='lat' dir='ltr'><em>p.</em></span> <span class='ocrx_word' id='word_1_29' title='bbox 348 398 431 437; x_wconf 87' lang='grc'><em>326</em></span> <span class='ocrx_word' id='word_1_30' title='bbox 469 395 590 436; x_wconf 81' lang='lat' dir='ltr'><strong>allato</strong></span> <span class='ocrx_word' id='word_1_31' title='bbox 634 392 843 445; x_wconf 80' lang='lat' dir='ltr'><strong>Aeschylo</strong></span> <span class='ocrx_word' id='word_1_32' title='bbox 883 393 1028 443; x_wconf 79' lang='lat' dir='ltr'><strong>Agam.</strong></span> <span class='ocrx_word' id='word_1_33' title='bbox 1061 390 1195 430; x_wconf 74' lang='lat'><strong>1375:</strong></span> <span class='ocrx_word' id='word_1_34' title='bbox 1235 385 1290 429; x_wconf 85' lang='grc' dir='ltr'>σύ</span> <span class='ocrx_word' id='word_1_35' title='bbox 1330 384 1381 427; x_wconf 84' lang='grc' dir='ltr'><em>δ’</em></span> <span class='ocrx_word' id='word_1_36' title='bbox 1411 382 1551 429; x_wconf 80' lang='grc' dir='ltr'><em>αι’νεῖν</em></span> 
     </span>
     <span class='ocr_line' id='line_1_5' title="bbox 0 455 1428 525; baseline -0.008 -13"><span class='ocrx_word' id='word_1_37' title='bbox 0 509 2 512; x_wconf 88' lang='grc'><em>.</em></span> <span class='ocrx_word' id='word_1_38' title='bbox 65 469 147 511; x_wconf 78' lang='grc' dir='ltr'><em>εἴτε</em></span> <span class='ocrx_word' id='word_1_39' title='bbox 178 484 230 525; x_wconf 84' lang='grc' dir='ltr'><em>με</em></span> <span class='ocrx_word' id='word_1_40' title='bbox 261 468 412 523; x_wconf 79' lang='grc' dir='ltr'><em>ψέγειν</em></span> <span class='ocrx_word' id='word_1_41' title='bbox 439 464 600 517; x_wconf 77' lang='grc' dir='ltr'><em>θέλεις,</em></span> <span class='ocrx_word' id='word_1_42' title='bbox 631 455 799 517; x_wconf 82' lang='grc' dir='ltr'><em>ὅμοιον.</em></span> <span class='ocrx_word' id='word_1_43' title='bbox 858 463 945 503; x_wconf 88' lang='lat' dir='ltr'><em>Nos</em></span> <span class='ocrx_word' id='word_1_44' title='bbox 975 459 1211 515; x_wconf 75' lang='lat' dir='ltr'><em>gleichviel,</em></span> <span class='ocrx_word' id='word_1_45' title='bbox 1241 460 1428 502; x_wconf 75' lang='lat' dir='ltr'><strong>einerlei.</strong></span> 
     </span>
    </p>
   </div>
   <div class='ocr_carea' id='block_1_4' title="bbox 137 586 1311 1077">
    <p class='ocr_par' dir='ltr' id='par_1_4' title="bbox 137 586 1311 1077">
     <span class='ocr_line' id='line_1_6' title="bbox 776 586 830 627; baseline -0.019 0"><span class='ocrx_word' id='word_1_46' title='bbox 776 586 830 627; x_wconf 84' lang='lat' dir='ltr'><em>ll.</em></span> 
     </span>
     <span class='ocr_line' id='line_1_7' title="bbox 608 670 1290 732; baseline -0.007 -14"><span class='ocrx_word' id='word_1_47' title='bbox 608 673 850 732; x_wconf 77' lang='grc' dir='ltr'><em>Εὐδαίμων</em></span> <span class='ocrx_word' id='word_1_48' title='bbox 879 670 976 730; x_wconf 80' lang='grc' dir='ltr'><em>ἐγώ,</em></span> <span class='ocrx_word' id='word_1_49' title='bbox 1005 672 1068 730; x_wconf 79' lang='grc' dir='ltr'><em>μὰ</em></span> <span class='ocrx_word' id='word_1_50' title='bbox 1098 670 1177 714; x_wconf 85' lang='grc' dir='ltr'><em>τὸν</em></span> <span class='ocrx_word' id='word_1_51' title='bbox 1206 670 1290 715; x_wconf 85' lang='grc' dir='ltr'><em>Δία</em></span> 
     </span>
     <span class='ocr_line' id='line_1_8' title="bbox 237 752 1268 818; baseline -0.009 -10"><span class='ocrx_word' id='word_1_52' title='bbox 237 764 316 808; x_wconf 81' lang='grc' dir='ltr'><em>τὸν</em></span> <span class='ocrx_word' id='word_1_53' title='bbox 341 757 584 818; x_wconf 82' lang='grc' dir='ltr'><em>Ὀλύμπιον</em></span> <span class='ocrx_word' id='word_1_54' title='bbox 611 762 686 804; x_wconf 86' lang='grc' dir='ltr'><em>καὶ</em></span> <span class='ocrx_word' id='word_1_55' title='bbox 715 760 798 813; x_wconf 78' lang='grc' dir='ltr'><em>τὴν</em></span> <span class='ocrx_word' id='word_1_56' title='bbox 822 758 1055 813; x_wconf 77' lang='grc' dir='ltr'><em>Ἀθηνᾶν,</em></span> <span class='ocrx_word' id='word_1_57' title='bbox 1088 755 1166 814; x_wconf 82' lang='grc' dir='ltr'><em>οὐχ</em></span> <span class='ocrx_word' id='word_1_58' title='bbox 1196 752 1268 800; x_wconf 82' lang='grc' dir='ltr'><em>ὅτι</em></span> 
     </span>
     <span class='ocr_line' id='line_1_9' title="bbox 137 843 1175 902; baseline -0.01 -7"><span class='ocrx_word' id='word_1_59' title='bbox 137 871 147 877; x_wconf 62' lang='grc'><em>’-</em></span> <span class='ocrx_word' id='word_1_60' title='bbox 228 851 274 894; x_wconf 78' lang='grc' dir='ltr'><em>ἐν</em></span> <span class='ocrx_word' id='word_1_61' title='bbox 303 852 394 898; x_wconf 84' lang='grc' dir='ltr'><em>τοῖς</em></span> <span class='ocrx_word' id='word_1_62' title='bbox 424 844 648 902; x_wconf 76' lang='grc' dir='ltr'><em>γάμοισιν,</em></span> <span class='ocrx_word' id='word_1_63' title='bbox 681 844 850 901; x_wconf 80' lang='grc' dir='ltr'><em>ἄνδρες,</em></span> <span class='ocrx_word' id='word_1_64' title='bbox 881 843 1175 900; x_wconf 79' lang='grc' dir='ltr'><em>εὐωχήσομαι,</em></span> 
     </span>
     <span class='ocr_line' id='line_1_10' title="bbox 227 928 1192 991; baseline -0.005 -13"><span class='ocrx_word' id='word_1_65' title='bbox 227 933 330 978; x_wconf 80' lang='grc' dir='ltr'><strong><em>ἀλλ’</em></strong></span> <span class='ocrx_word' id='word_1_66' title='bbox 358 929 428 978; x_wconf 80' lang='grc' dir='ltr'><em>ὅτι</em></span> <span class='ocrx_word' id='word_1_67' title='bbox 458 928 804 991; x_wconf 79' lang='grc' dir='ltr'><em>διαρραγήσομ’,</em></span> <span class='ocrx_word' id='word_1_68' title='bbox 835 928 891 973; x_wconf 76' lang='grc' dir='ltr'><em>ἂν</em></span> <span class='ocrx_word' id='word_1_69' title='bbox 921 928 1032 980; x_wconf 80' lang='grc' dir='ltr'><em>θεὸς</em></span> <span class='ocrx_word' id='word_1_70' title='bbox 1060 928 1192 987; x_wconf 76' lang='grc' dir='ltr'><strong><em>θέλῃ.</em></strong></span> 
     </span>
     <span class='ocr_line' id='line_1_11' title="bbox 233 1013 1311 1077; baseline -0.006 -13"><span class='ocrx_word' id='word_1_71' title='bbox 233 1018 392 1063; x_wconf 85' lang='grc' dir='ltr'><em>τούτου</em></span> <span class='ocrx_word' id='word_1_72' title='bbox 422 1020 469 1063; x_wconf 88' lang='grc' dir='ltr'><em>δέ</em></span> <span class='ocrx_word' id='word_1_73' title='bbox 498 1034 576 1077; x_wconf 85' lang='grc' dir='ltr'><em>μοι</em></span> <span class='ocrx_word' id='word_1_74' title='bbox 605 1018 775 1072; x_wconf 85' lang='grc' dir='ltr'><em>γένοιτο</em></span> <span class='ocrx_word' id='word_1_75' title='bbox 805 1016 886 1059; x_wconf 86' lang='grc' dir='ltr'><em>τοῦ</em></span> <span class='ocrx_word' id='word_1_76' title='bbox 913 1013 1123 1059; x_wconf 76' lang='grc' dir='ltr'><em>θανάτου</em></span> <span class='ocrx_word' id='word_1_77' title='bbox 1153 1015 1311 1070; x_wconf 79' lang='grc' dir='ltr'><em>τυχεῖν.</em></span> 
     </span>
    </p>
   </div>
   <div class='ocr_carea' id='block_1_5' title="bbox 0 1098 1553 2165">
    <p class='ocr_par' dir='ltr' id='par_1_5' title="bbox 0 1098 1553 1451">
     <span class='ocr_line' id='line_1_12' title="bbox 176 1098 1552 1161; baseline -0.008 -9"><span class='ocrx_word' id='word_1_78' title='bbox 176 1109 418 1152; x_wconf 76' lang='lat' dir='ltr'><strong>Athenaeus</strong></span> <span class='ocrx_word' id='word_1_79' title='bbox 447 1109 507 1150; x_wconf 92' lang='lat' dir='ltr'><em>VI</em></span> <span class='ocrx_word' id='word_1_80' title='bbox 536 1121 578 1161; x_wconf 86' lang='lat' dir='ltr'><em>p.</em></span> <span class='ocrx_word' id='word_1_81' title='bbox 609 1106 692 1147; x_wconf 80' lang='lat'><em>258</em></span> <span class='ocrx_word' id='word_1_82' title='bbox 710 1120 758 1147; x_wconf 86' lang='lat' dir='ltr'><strong>e:</strong></span> <span class='ocrx_word' id='word_1_83' title='bbox 789 1099 968 1155; x_wconf 76' lang='grc' dir='ltr'><em>”Λλεξις</em></span> <span class='ocrx_word' id='word_1_84' title='bbox 997 1098 1049 1142; x_wconf 80' lang='grc' dir='ltr'><em>δ’</em></span> <span class='ocrx_word' id='word_1_85' title='bbox 1079 1100 1126 1143; x_wconf 77' lang='grc' dir='ltr'><em>ἐν</em></span> <span class='ocrx_word' id='word_1_86' title='bbox 1155 1099 1552 1158; x_wconf 73' lang='grc' dir='ltr'><em>Καταψευδομένῳ</em></span> 
     </span>
     <span class='ocr_line' id='line_1_13' title="bbox 0 1168 1553 1242; baseline -0.005 -22"><span class='ocrx_word' id='word_1_87' title='bbox 0 1191 2 1242; x_wconf 56' lang='grc' dir='ltr'><em>ζ</em></span> <span class='ocrx_word' id='word_1_88' title='bbox 75 1175 260 1233; x_wconf 82' lang='grc' dir='ltr'><em>λέγοντά</em></span> <span class='ocrx_word' id='word_1_89' title='bbox 291 1192 390 1220; x_wconf 87' lang='grc' dir='ltr'><em>τινα</em></span> <span class='ocrx_word' id='word_1_90' title='bbox 420 1174 587 1220; x_wconf 82' lang='grc' dir='ltr'><em>κόλακα</em></span> <span class='ocrx_word' id='word_1_91' title='bbox 617 1174 803 1217; x_wconf 84' lang='grc' dir='ltr'><em>τοιαῦτα</em></span> <span class='ocrx_word' id='word_1_92' title='bbox 832 1168 1114 1230; x_wconf 75' lang='grc' dir='ltr'><em>παρεισάγων</em></span> <span class='ocrx_word' id='word_1_93' title='bbox 1142 1169 1283 1227; x_wconf 75' lang='grc' dir='ltr'><em>φησίν</em></span> <span class='ocrx_word' id='word_1_94' title='bbox 1312 1170 1553 1228; x_wconf 83' lang='grc' dir='ltr'><em>Εὐδαίμων</em></span> 
     </span>
     <span class='ocr_line' id='line_1_14' title="bbox 74 1246 280 1305; baseline 0.004 -13.736"><span class='ocrx_word' id='word_1_95' title='bbox 74 1246 155 1305; x_wconf 74' lang='grc' dir='ltr'><em>ἐγώ</em></span> <span class='ocrx_word' id='word_1_96' title='bbox 187 1248 280 1292; x_wconf 83' lang='grc' dir='ltr'><em>κτλ.</em></span> 
     </span>
     <span class='ocr_line' id='line_1_15' title="bbox 770 1327 847 1369; baseline 0 0"><span class='ocrx_word' id='word_1_97' title='bbox 770 1327 847 1369; x_wconf 88' lang='lat'>111.</span> 
     </span>
     <span class='ocr_line' id='line_1_16' title="bbox 950 1391 1267 1451; baseline -0.006 -13"><span class='ocrx_word' id='word_1_98' title='bbox 950 1391 1085 1438; x_wconf 78' lang='grc' dir='ltr'><em>Ἀλλ’</em></span> <span class='ocrx_word' id='word_1_99' title='bbox 1119 1393 1267 1451; x_wconf 80' lang='grc' dir='ltr'><em>ἔγχεον</em></span> 
     </span>
    </p>

    <p class='ocr_par' dir='ltr' id='par_1_6' title="bbox 290 1477 1169 1540">
     <span class='ocr_line' id='line_1_17' title="bbox 290 1477 1169 1540; baseline -0.002 -16"><span class='ocrx_word' id='word_1_100' title='bbox 290 1478 410 1540; x_wconf 75' lang='grc' dir='ltr'><em>αὐτῷ</em></span> <span class='ocrx_word' id='word_1_101' title='bbox 438 1478 543 1531; x_wconf 85' lang='grc' dir='ltr'><em>Διός</em></span> <span class='ocrx_word' id='word_1_102' title='bbox 570 1495 617 1536; x_wconf 88' lang='grc' dir='ltr'><em>γε</em></span> <span class='ocrx_word' id='word_1_103' title='bbox 645 1477 775 1532; x_wconf 83' lang='grc' dir='ltr'><em>τήνδε</em></span> <span class='ocrx_word' id='word_1_104' title='bbox 805 1478 1014 1538; x_wconf 80' lang='grc' dir='ltr'><em>σωτῆρος,</em></span> <span class='ocrx_word' id='word_1_105' title='bbox 1044 1479 1169 1523; x_wconf 77' lang='grc' dir='ltr'><em>θεῶν</em></span> 
     </span>
    </p>

    <p class='ocr_par' dir='ltr' id='par_1_7' title="bbox 290 1563 1236 1624">
     <span class='ocr_line' id='line_1_18' title="bbox 290 1563 1236 1624; baseline -0.001 -14"><span class='ocrx_word' id='word_1_106' title='bbox 290 1567 481 1619; x_wconf 76' lang='grc' dir='ltr'><em>θνητοῖς</em></span> <span class='ocrx_word' id='word_1_107' title='bbox 509 1563 718 1610; x_wconf 81' lang='grc' dir='ltr'><em>ἁπάντων</em></span> <span class='ocrx_word' id='word_1_108' title='bbox 742 1563 1082 1624; x_wconf 81' lang='grc' dir='ltr'><em>χρησιμωτάτου</em></span> <span class='ocrx_word' id='word_1_109' title='bbox 1110 1563 1236 1609; x_wconf 83' lang='grc' dir='ltr'><em>πολύ.</em></span> 
     </span>
    </p>

    <p class='ocr_par' dir='ltr' id='par_1_8' title="bbox 291 1649 1254 1710">
     <span class='ocr_line' id='line_1_19' title="bbox 291 1649 1254 1710; baseline -0.003 -13"><span class='ocrx_word' id='word_1_110' title='bbox 291 1652 350 1697; x_wconf 88' lang='grc' dir='ltr'><em>Β.</em></span> <span class='ocrx_word' id='word_1_111' title='bbox 379 1650 404 1697; x_wconf 83' lang='grc' dir='ltr'><strong><em>ὁ</em></strong></span> <span class='ocrx_word' id='word_1_112' title='bbox 436 1651 544 1703; x_wconf 78' lang='grc' dir='ltr'><em>Ζεὺς</em></span> <span class='ocrx_word' id='word_1_113' title='bbox 574 1649 598 1695; x_wconf 88' lang='grc' dir='ltr'><em>ὁ</em></span> <span class='ocrx_word' id='word_1_114' title='bbox 629 1650 789 1710; x_wconf 88' lang='grc' dir='ltr'><em>σωτήρ,</em></span> <span class='ocrx_word' id='word_1_115' title='bbox 818 1649 876 1695; x_wconf 80' lang='grc' dir='ltr'><em>ἂν</em></span> <span class='ocrx_word' id='word_1_116' title='bbox 902 1650 981 1709; x_wconf 74' lang='grc' dir='ltr'><em>ἐγώ</em></span> <span class='ocrx_word' id='word_1_117' title='bbox 1000 1650 1254 1710; x_wconf 74' lang='grc' dir='ltr'><em>διαρραγῶ,</em></span> 
     </span>
    </p>

    <p class='ocr_par' dir='ltr' id='par_1_9' title="bbox 291 1734 1189 1795">
     <span class='ocr_line' id='line_1_20' title="bbox 291 1734 1189 1795; baseline 0.001 -15"><span class='ocrx_word' id='word_1_118' title='bbox 291 1737 422 1780; x_wconf 79' lang='grc' dir='ltr'><em>οὐδὲν</em></span> <span class='ocrx_word' id='word_1_119' title='bbox 450 1734 504 1794; x_wconf 76' lang='grc' dir='ltr'><em>μ’</em></span> <span class='ocrx_word' id='word_1_120' title='bbox 537 1734 698 1790; x_wconf 80' lang='grc' dir='ltr'><em>ὀνήσει.</em></span> <span class='ocrx_word' id='word_1_121' title='bbox 757 1738 816 1782; x_wconf 85' lang='grc' dir='ltr'><em>Α.</em></span> <span class='ocrx_word' id='word_1_122' title='bbox 847 1739 956 1781; x_wconf 76' lang='grc' dir='ltr'><em>πῖθι</em></span> <span class='ocrx_word' id='word_1_123' title='bbox 983 1737 1189 1795; x_wconf 78' lang='grc' dir='ltr'><em>θαρρῶν.</em></span> 
     </span>
    </p>

    <p class='ocr_par' dir='ltr' id='par_1_10' title="bbox 70 1820 1552 2165">
     <span class='ocr_line' id='line_1_21' title="bbox 182 1820 1550 1881; baseline -0.001 -13"><span class='ocrx_word' id='word_1_124' title='bbox 182 1825 423 1868; x_wconf 73' lang='lat' dir='ltr'><strong>Athenaeus</strong></span> <span class='ocrx_word' id='word_1_125' title='bbox 452 1826 530 1869; x_wconf 87' lang='lat' dir='ltr'><em>XV</em></span> <span class='ocrx_word' id='word_1_126' title='bbox 558 1840 600 1880; x_wconf 84' lang='lat' dir='ltr'><em>p.</em></span> <span class='ocrx_word' id='word_1_127' title='bbox 631 1827 714 1868; x_wconf 84' lang='grc'><em>692</em></span> <span class='ocrx_word' id='word_1_128' title='bbox 730 1826 761 1867; x_wconf 81' lang='lat' dir='ltr'><em>f.</em></span> <span class='ocrx_word' id='word_1_129' title='bbox 801 1827 855 1868; x_wconf 86' lang='lat' dir='ltr'><strong>de</strong></span> <span class='ocrx_word' id='word_1_130' title='bbox 894 1820 1074 1880; x_wconf 76' lang='grc' dir='ltr'><em>πώματι</em></span> <span class='ocrx_word' id='word_1_131' title='bbox 1110 1820 1215 1873; x_wconf 82' lang='grc' dir='ltr'><em>Διὸς</em></span> <span class='ocrx_word' id='word_1_132' title='bbox 1252 1820 1447 1881; x_wconf 81' lang='grc' dir='ltr'><em>σωτῆρος</em></span> <span class='ocrx_word' id='word_1_133' title='bbox 1487 1825 1550 1866; x_wconf 79' lang='lat' dir='ltr'><em>di-</em></span> 
     </span>
     <span class='ocr_line' id='line_1_22' title="bbox 74 1891 1549 1955; baseline 0 -17"><span class='ocrx_word' id='word_1_134' title='bbox 74 1908 195 1938; x_wconf 70' lang='lat' dir='ltr'><strong>cens:</strong></span> <span class='ocrx_word' id='word_1_135' title='bbox 223 1891 403 1948; x_wconf 78' lang='grc' dir='ltr'><em>”Αλεξις</em></span> <span class='ocrx_word' id='word_1_136' title='bbox 440 1891 490 1935; x_wconf 75' lang='grc' dir='ltr'><em>δ’</em></span> <span class='ocrx_word' id='word_1_137' title='bbox 520 1894 568 1937; x_wconf 78' lang='grc' dir='ltr'><em>έν</em></span> <span class='ocrx_word' id='word_1_138' title='bbox 602 1894 794 1955; x_wconf 77' lang='grc' dir='ltr'><em>Τοκιστῇ</em></span> <span class='ocrx_word' id='word_1_139' title='bbox 822 1891 852 1947; x_wconf 77' lang='grc' dir='ltr'><em>ἢ</em></span> <span class='ocrx_word' id='word_1_140' title='bbox 884 1893 1277 1952; x_wconf 78' lang='grc' dir='ltr'><em>Καταψευδομένῳ</em></span> <span class='ocrx_word' id='word_1_141' title='bbox 1312 1891 1447 1938; x_wconf 80' lang='grc' dir='ltr'><em>Ἀλλ’</em></span> <span class='ocrx_word' id='word_1_142' title='bbox 1479 1893 1549 1950; x_wconf 82' lang='grc' dir='ltr'><em>ἔγ-</em></span> 
     </span>
     <span class='ocr_line' id='line_1_23' title="bbox 70 1964 1548 2024; baseline 0.003 -18"><span class='ocrx_word' id='word_1_143' title='bbox 70 1978 172 2020; x_wconf 84' lang='grc' dir='ltr'><em>χεον</em></span> <span class='ocrx_word' id='word_1_144' title='bbox 199 1965 288 2010; x_wconf 87' lang='grc' dir='ltr'><em>κτλ.</em></span> <span class='ocrx_word' id='word_1_145' title='bbox 345 1969 419 2012; x_wconf 83' lang='lat' dir='ltr'><em>Vs.</em></span> <span class='ocrx_word' id='word_1_146' title='bbox 449 1969 477 2009; x_wconf 86' lang='lat'><strong>3</strong></span> <span class='ocrx_word' id='word_1_147' title='bbox 505 1968 602 2010; x_wconf 86' lang='lat' dir='ltr'><strong>libri</strong></span> <span class='ocrx_word' id='word_1_148' title='bbox 626 1964 977 2024; x_wconf 79' lang='grc' dir='ltr'><em>χρησιμώτατον.</em></span> <span class='ocrx_word' id='word_1_149' title='bbox 1015 1970 1170 2023; x_wconf 86' lang='lat' dir='ltr'><strong>Scripsi</strong></span> <span class='ocrx_word' id='word_1_150' title='bbox 1193 1964 1548 2023; x_wconf 88' lang='grc' dir='ltr'><em>χρησιμωτάτου.</em></span> 
     </span>
     <span class='ocr_line' id='line_1_24' title="bbox 77 2035 1550 2095; baseline 0.002 -17"><span class='ocrx_word' id='word_1_151' title='bbox 77 2038 344 2080; x_wconf 72' lang='lat' dir='ltr'><strong>easaubonus</strong></span> <span class='ocrx_word' id='word_1_152' title='bbox 367 2035 724 2094; x_wconf 78' lang='grc' dir='ltr'><em>χρησιμώτατος,</em></span> <span class='ocrx_word' id='word_1_153' title='bbox 763 2041 806 2081; x_wconf 90' lang='lat' dir='ltr'><em>id</em></span> <span class='ocrx_word' id='word_1_154' title='bbox 842 2045 889 2082; x_wconf 88' lang='lat' dir='ltr'><em>ut</em></span> <span class='ocrx_word' id='word_1_155' title='bbox 919 2042 1192 2095; x_wconf 81' lang='lat' dir='ltr'><strong>coniungatur</strong></span> <span class='ocrx_word' id='word_1_156' title='bbox 1234 2053 1328 2083; x_wconf 84' lang='lat' dir='ltr'><em>cum</em></span> <span class='ocrx_word' id='word_1_157' title='bbox 1358 2042 1496 2083; x_wconf 84' lang='lat' dir='ltr'><strong>verbis</strong></span> <span class='ocrx_word' id='word_1_158' title='bbox 1526 2036 1550 2081; x_wconf 89' lang='grc' dir='ltr'>ὁ</span> 
     </span>
     <span class='ocr_line' id='line_1_25' title="bbox 79 2103 1552 2165; baseline 0.005 -19"><span class='ocrx_word' id='word_1_159' title='bbox 79 2103 185 2155; x_wconf 86' lang='grc' dir='ltr'><em>Ζεὺς</em></span> <span class='ocrx_word' id='word_1_160' title='bbox 212 2103 236 2148; x_wconf 90' lang='grc' dir='ltr'>ὁ</span> <span class='ocrx_word' id='word_1_161' title='bbox 266 2105 423 2163; x_wconf 88' lang='grc' dir='ltr'><em>σωτήρ.</em></span> <span class='ocrx_word' id='word_1_162' title='bbox 480 2136 537 2144; x_wconf 80' lang='lat'><em>—-</em></span> <span class='ocrx_word' id='word_1_163' title='bbox 595 2112 666 2153; x_wconf 80' lang='lat' dir='ltr'><em>Vs.</em></span> <span class='ocrx_word' id='word_1_164' title='bbox 697 2112 725 2153; x_wconf 85' lang='lat'>5</span> <span class='ocrx_word' id='word_1_165' title='bbox 767 2113 891 2165; x_wconf 85' lang='lat' dir='ltr'>vulgo</span> <span class='ocrx_word' id='word_1_166' title='bbox 923 2106 1051 2152; x_wconf 75' lang='grc' dir='ltr'><em>οὐδὲν</em></span> <span class='ocrx_word' id='word_1_167' title='bbox 1079 2107 1220 2165; x_wconf 84' lang='grc' dir='ltr'><em>μόνης</em></span> <span class='ocrx_word' id='word_1_168' title='bbox 1249 2107 1300 2155; x_wconf 80' lang='grc' dir='ltr'><em>εἰ.</em></span> <span class='ocrx_word' id='word_1_169' title='bbox 1360 2115 1552 2155; x_wconf 82' lang='lat' dir='ltr'><strong>Correxit</strong></span> 
     </span>
    </p>
   </div>
   <div class='ocr_carea' id='block_1_6' title="bbox 79 2177 1553 2238">
    <p class='ocr_par' dir='ltr' id='par_1_11' title="bbox 79 2177 1553 2238">
     <span class='ocr_line' id='line_1_26' title="bbox 79 2177 1553 2238; baseline 0.007 -20"><span class='ocrx_word' id='word_1_170' title='bbox 79 2177 300 2220; x_wconf 78' lang='lat' dir='ltr'><strong>Piersonus</strong></span> <span class='ocrx_word' id='word_1_171' title='bbox 339 2181 390 2221; x_wconf 76' lang='lat' dir='ltr'><em>nd</em></span> <span class='ocrx_word' id='word_1_172' title='bbox 419 2181 584 2223; x_wconf 86' lang='lat' dir='ltr'><strong>Moerin</strong></span> <span class='ocrx_word' id='word_1_173' title='bbox 614 2196 656 2236; x_wconf 87' lang='lat' dir='ltr'><em>p.</em></span> <span class='ocrx_word' id='word_1_174' title='bbox 678 2184 748 2224; x_wconf 80' lang='lat'><em>72.</em></span> <span class='ocrx_word' id='word_1_175' title='bbox 815 2184 974 2226; x_wconf 87' lang='lat' dir='ltr'><strong>Ibidem</strong></span> <span class='ocrx_word' id='word_1_176' title='bbox 1015 2181 1125 2224; x_wconf 79' lang='grc' dir='ltr'><em>πῖθι</em></span> <span class='ocrx_word' id='word_1_177' title='bbox 1154 2197 1230 2238; x_wconf 89' lang='lat' dir='ltr'><em>pro</em></span> <span class='ocrx_word' id='word_1_178' title='bbox 1262 2180 1415 2226; x_wconf 77' lang='grc' dir='ltr'><em>πείθει</em></span> <span class='ocrx_word' id='word_1_179' title='bbox 1445 2187 1553 2228; x_wconf 79' lang='lat' dir='ltr'><strong>Gan-</strong></span> 
     </span>
    </p>
   </div>
   <div class='ocr_carea' id='block_1_7' title="bbox 82 2251 835 2354">
    <p class='ocr_par' dir='ltr' id='par_1_12' title="bbox 82 2251 835 2354">
     <span class='ocr_line' id='line_1_27' title="bbox 82 2251 835 2354; baseline 0 -63"><span class='ocrx_word' id='word_1_180' title='bbox 82 2254 199 2292; x_wconf 80' lang='lat' dir='ltr'><strong>terus</strong></span> <span class='ocrx_word' id='word_1_181' title='bbox 227 2251 280 2292; x_wconf 88' lang='lat' dir='ltr'><em>N.</em></span> <span class='ocrx_word' id='word_1_182' title='bbox 309 2251 356 2293; x_wconf 91' lang='lat' dir='ltr'><em>L.</em></span> <span class='ocrx_word' id='word_1_183' title='bbox 385 2251 444 2293; x_wconf 82' lang='lat' dir='ltr'><em>lx</em></span> <span class='ocrx_word' id='word_1_184' title='bbox 473 2253 513 2294; x_wconf 91' lang='lat' dir='ltr'><em>l.</em></span> <span class='ocrx_word' id='word_1_185' title='bbox 777 2311 835 2354; x_wconf 65' lang='lat' dir='ltr'><em>IV</em></span> 
     </span>
    </p>
   </div>
   <div class='ocr_carea' id='block_1_8' title="bbox 356 2386 1228 2537">
    <p class='ocr_par' dir='ltr' id='par_1_13' title="bbox 356 2386 1228 2537">
     <span class='ocr_line' id='line_1_28' title="bbox 356 2386 1228 2451; baseline 0.008 -20"><span class='ocrx_word' id='word_1_186' title='bbox 356 2386 544 2441; x_wconf 82' lang='grc' dir='ltr'><em>Πάντως</em></span> <span class='ocrx_word' id='word_1_187' title='bbox 572 2389 864 2448; x_wconf 85' lang='grc' dir='ltr'><em>ἆναρίοτητος</em></span> <span class='ocrx_word' id='word_1_188' title='bbox 894 2389 945 2436; x_wconf 79' lang='grc' dir='ltr'><em>οὐ</em></span> <span class='ocrx_word' id='word_1_189' title='bbox 977 2391 1228 2451; x_wconf 77' lang='grc' dir='ltr'><em>δυνήσομαι</em></span> 
     </span>
     <span class='ocr_line' id='line_1_29' title="bbox 358 2474 1209 2537; baseline 0.007 -21"><span class='ocrx_word' id='word_1_190' title='bbox 358 2474 699 2533; x_wconf 83' lang='grc' dir='ltr'><em>διακαρτερῆσαι</em></span> <span class='ocrx_word' id='word_1_191' title='bbox 727 2476 995 2532; x_wconf 83' lang='grc' dir='ltr'><em>τηλικαύτην</em></span> <span class='ocrx_word' id='word_1_192' title='bbox 1023 2477 1209 2537; x_wconf 85' lang='grc' dir='ltr'><em>ημέραν,</em></span> 
     </span>
    </p>
   </div>
   <div class='ocr_carea' id='block_1_9' title="bbox 89 2558 1554 2771">
    <p class='ocr_par' dir='ltr' id='par_1_14' title="bbox 89 2558 1554 2765">
     <span class='ocr_line' id='line_1_30' title="bbox 195 2558 1554 2626; baseline 0.007 -26"><span class='ocrx_word' id='word_1_193' title='bbox 195 2558 339 2602; x_wconf 79' lang='lat' dir='ltr'><strong>Snidas</strong></span> <span class='ocrx_word' id='word_1_194' title='bbox 367 2563 447 2605; x_wconf 82' lang='lat' dir='ltr'><strong>voi.</strong></span> <span class='ocrx_word' id='word_1_195' title='bbox 478 2564 496 2604; x_wconf 94' lang='lat'>1</span> <span class='ocrx_word' id='word_1_196' title='bbox 526 2578 567 2617; x_wconf 87' lang='lat' dir='ltr'><em>p.</em></span> <span class='ocrx_word' id='word_1_197' title='bbox 597 2564 694 2606; x_wconf 78' lang='lat'>179.</span> <span class='ocrx_word' id='word_1_198' title='bbox 720 2561 1012 2623; x_wconf 75' lang='grc' dir='ltr'><em>Ἀνάριστοςε</em></span> <span class='ocrx_word' id='word_1_199' title='bbox 1041 2565 1212 2622; x_wconf 80' lang='grc' dir='ltr'><em>μᾶλλον</em></span> <span class='ocrx_word' id='word_1_200' title='bbox 1241 2567 1288 2608; x_wconf 79' lang='grc' dir='ltr'><em>δὲ</em></span> <span class='ocrx_word' id='word_1_201' title='bbox 1316 2564 1554 2626; x_wconf 86' lang='grc' dir='ltr'><em>αναρίστη-</em></span> 
     </span>
     <span class='ocr_line' id='line_1_31' title="bbox 89 2622 1554 2697; baseline 0.008 -25"><span class='ocrx_word' id='word_1_202' title='bbox 89 2636 178 2673; x_wconf 69' lang='lat'><strong>‘1⁰9-</strong></span> <span class='ocrx_word' id='word_1_203' title='bbox 229 2622 558 2688; x_wconf 79' lang='grc' dir='ltr'><em>Ἀριστοφάνης</em></span> <span class='ocrx_word' id='word_1_204' title='bbox 587 2634 800 2678; x_wconf 79' lang='grc' dir='ltr'><em>Πολυΐδω</em></span> <span class='ocrx_word' id='word_1_205' title='bbox 829 2636 913 2679; x_wconf 87' lang='grc' dir='ltr'><em>Διὰ</em></span> <span class='ocrx_word' id='word_1_206' title='bbox 943 2638 1022 2688; x_wconf 85' lang='grc' dir='ltr'><em>τῆς</em></span> <span class='ocrx_word' id='word_1_207' title='bbox 1051 2635 1213 2697; x_wconf 80' lang='grc' dir='ltr'><em>ἇγορας</em></span> <span class='ocrx_word' id='word_1_208' title='bbox 1241 2640 1415 2696; x_wconf 82' lang='grc' dir='ltr'><em>τρέχων,</em></span> <span class='ocrx_word' id='word_1_209' title='bbox 1444 2638 1554 2683; x_wconf 82' lang='grc' dir='ltr'><em>ἀνα-</em></span> 
     </span>
     <span class='ocr_line' id='line_1_32' title="bbox 90 2691 1377 2771; baseline 0.017 -36"><span class='ocrx_word' id='word_1_210' title='bbox 90 2691 290 2750; x_wconf 84' lang='grc' dir='ltr'><em>ρίστητος</em></span> <span class='ocrx_word' id='word_1_211' title='bbox 316 2697 389 2746; x_wconf 74' lang='grc' dir='ltr'><em>ὤν.</em></span> <span class='ocrx_word' id='word_1_212' title='bbox 438 2699 616 2761; x_wconf 76' lang='grc' dir='ltr'><em>”Αλεξις</em></span> <span class='ocrx_word' id='word_1_213' title='bbox 645 2706 1040 2771; x_wconf 82' lang='grc' dir='ltr'><em>Καταψευδομένω</em></span> <span class='ocrx_word' id='word_1_214' title='bbox 1068 2707 1259 2765; x_wconf 82' lang='grc' dir='ltr'><em>Πάντως</em></span> <span class='ocrx_word' id='word_1_215' title='bbox 1286 2713 1377 2758; x_wconf 86' lang='grc' dir='ltr'><em>κτλ.</em></span> 
     </span>
    </p>
   </div>
   <div class='ocr_carea' id='block_1_10' title="bbox 684 2783 950 2795">
    <p class='ocr_par' dir='ltr' id='par_1_15' title="bbox 684 2783 950 2795">
     <span class='ocr_line' id='line_1_33' title="bbox 684 2783 950 2795; baseline 0 363"><span class='ocrx_word' id='word_1_216' title='bbox 684 2783 950 2795; x_wconf 95' lang='lat' dir='ltr'><em> </em></span> 
     </span>
    </p>
   </div>
  </div>
 </body>
</html>
