1702 3158
610 129 656 171 K
664 127 740 171 ΥΒ
746 127 784 170 [2'
790 127 822 170 Υ
828 125 946 198 ΤΛχΙ.
1446 127 1531 168 333

53 249 196 291 fuerit.
252 245 406 289 Similis
434 245 531 287 huic
561 249 623 286 est
650 258 674 285 a
703 244 909 285 testiculis
940 240 1093 283 caninis
1123 239 1426 291 denominatus,
1456 253 1531 280 κυ-

53 315 244 374 vost-(iac,
277 331 399 370 quem
428 317 470 357 in
499 316 671 357 iactibus
701 316 855 355 talariis
884 318 1076 355 recenset
1089 312 1341 364 Hesychius.
1363 306 1532 366 ”Aona

55 392 174 432 deest
203 391 246 430 in
278 389 354 430 MS
387 388 611 440 lungerm„
639 391 733 439 post
762 399 884 438 quam
914 398 1058 425 vocem
1090 384 1200 436 quod
1230 383 1351 436 vulgo
1381 384 1533 436 legitur

57 456 281 514 ἁρματία,
316 460 403 500 sive
442 462 489 498 ut
519 457 595 498 MS
625 457 752 496 habet
789 450 1006 509 ἆρμάτια,
1047 455 1267 494 delendum
1307 466 1400 493 esse
1431 454 1534 494 vidit

56 532 286 573 Bentleius.
313 527 371 562 '—-
401 529 472 570 Vs.
491 528 518 567 3
547 521 756 574 Λάκωνες
789 527 891 568 Cod.
910 526 1056 567 Seberi
1087 530 1129 565 et
1160 526 1366 578 lungerm.
1398 525 1534 578 Vulgo

57 596 234 643 Λάκων.
302 600 476 640 Photius
507 599 606 638 Lex.
634 612 674 651 p.
706 597 803 638 205.
839 592 1066 644 Λάκωνεςε
1106 592 1362 648 κυβευτικοῦ
1400 590 1536 647 βόλον

62 668 222 723 ὄνομα.
282 671 381 710 Post
412 664 660 720 ἀντίτεινχος
690 669 842 721 legitur
873 668 996 720 vulgo
1027 661 1284 716 ἄντίτῠπος,
1324 666 1432 718 quod
1463 667 1536 706 de-

61 744 167 785 levit
196 740 422 781 Bentleius.
490 741 525 779 A
556 739 633 779 MS
666 739 875 790 lungerm.
919 738 1066 778 abesse
1097 739 1246 778 dicitur
1275 732 1537 789 ἀντίτευχος.

59 816 240 865 Argeum
267 810 419 849 iactum
450 812 744 848 commemorat
774 808 896 847 etiam
921 808 1158 860 Hesychius
1189 822 1222 849 s.
1240 821 1276 847 v.
1305 802 1535 861 Ἀργείηςε

61 877 319 935 κυβευτικοῦ
344 874 481 930 ,θόλου
511 873 665 931 ὄνομα,
699 878 768 918 ubi
799 877 895 929 lege
924 871 1140 929 Ἀργεῖος.
1171 894 1237 911 —·
1266 878 1336 919 Vs.
1366 878 1394 917 4
1425 891 1540 917 πυα-

61 951 182 1004 λίτης
214 966 290 1006 pro
322 950 452 1003 magis
486 949 623 989 Attico
648 945 851 998 πυελίτης
881 949 1033 989 dictum
1063 949 1160 989 addi
1188 953 1325 1002 potest
1351 949 1402 989 iis
1434 962 1540 1001 quae

62 1021 404 1067 Hemsterhusius
433 1020 484 1060 ad
501 1019 704 1061 Thomam
724 1020 783 1060 M.
803 1033 842 1073 p.
860 1020 946 1059 863
981 1024 1022 1059 et
1051 1021 1284 1060 Lobeckius
1314 1020 1365 1060 ad
1383 1020 1538 1074 Phryn.

64 1110 105 1150 p.
134 1095 217 1135 3⁰9
258 1094 311 1133 de
346 1091 480 1131 forma
519 1084 687 1137 πύαλος
723 1104 797 1144 pro
840 1085 996 1137 πύελος
1035 1090 1238 1131 dixerunt.
1297 1117 1351 1122 —
1411 1091 1483 1133 Vs.
1513 1089 1540 1131 5

66 1159 263 1219 ἀγύρτης.
340 1162 524 1214 Etymol.
560 1162 620 1202 M.
658 1176 698 1215 p.
730 1161 785 1201 14
825 1162 880 1202 32
920 1166 961 1201 et
1001 1161 1249 1214 Hesychius,
1297 1155 1540 1214 Ἀγύρτηςε

64 1235 138 1292 zai
167 1230 308 1287 ὄνομα
340 1229 476 1284 βώλου
505 1229 777 1284 κυβευτικοῦ.
846 1232 953 1271 Tum
985 1227 1285 1285 ἀνακάμπτων
1316 1232 1541 1282 editiones3

67 1307 162 1347 libri
204 1298 538 1357 ἀνακαλύπτων.
596 1328 651 1336 —-
711 1303 780 1345 Vs.
812 1303 838 1342 6
874 1297 1090 1354 Λάμπων.
1151 1304 1339 1356 Respicit
1371 1304 1542 1345 Photius

68 1361 166 1418 Lex.
196 1389 236 1429 p.
266 1376 364 1416 207.
394 1368 619 1427 Λάμπωνι
659 1368 908 1425 κυβιστικὸς
939 1374 1049 1426 (leg.
1081 1370 1365 1426 κιῃθευτικὸς)
1396 1370 1541 1426 βόλος.

68 1439 205 1494 οὕτως
235 1442 473 1497 Εὔβουλος.
540 1446 648 1486 Tum
685 1441 904 1498 ἐπιᾳέρων
941 1445 1090 1485 obtulit
1120 1445 1197 1486 MS
1230 1446 1436 1498 lungerm.
1466 1460 1543 1499 pro

68 1512 299 1572 ἕπιᾳενών.
364 1517 427 1557 Ab
468 1515 615 1555 eodem
653 1516 770 1556 abest
810 1515 919 1567 quod
959 1517 1081 1568 vulgo
1112 1523 1205 1568 post
1235 1512 1452 1569 ἐπιᾳενών
1480 1518 1543 1557 in-

72 1594 228 1629 sertum
264 1586 417 1639 legitur
454 1581 690 1639 ἐπιᾳόρων.
762 1587 851 1626 Nec
891 1582 1045 1638 Σίμων
1083 1588 1123 1627 in
1167 1588 1287 1628 codd.
1328 1594 1542 1639 repertum

73 1662 150 1699 est.
207 1657 251 1697 Si
281 1662 396 1696 recte
425 1655 551 1695 habet
580 1651 759 1708 Σίμων,
788 1657 840 1696 de
869 1656 1028 1697 infelici
1057 1659 1167 1697 iactu
1197 1658 1492 1707 intellexerim,
1521 1673 1543 1698 a

76 1730 246 1769 Simone
275 1727 347 1766 illo
378 1731 611 1766 veteratore
640 1726 914 1767 famosissimo
946 1729 1213 1768 nominatum.
1262 1729 1312 1770 V.
1335 1730 1545 1770 Zenobius

72 1799 110 1840 V
152 1799 200 1837 41
251 1802 294 1837 et
340 1797 519 1838 Tzetzes
565 1797 673 1837 Chii.
727 1796 801 1838 Vll
850 1797 931 1836 125
979 1798 1220 1839 emendatus
1267 1813 1291 1839 a
1336 1800 1544 1839 Lobeckio

0 1926 14 1933 Ν
75 1867 275 1927 Aglaoph.
306 1881 346 1921 p.
379 1869 502 1908 1199.

779 1938 853 1978 111.

187 2030 436 2084 Hesychius,
478 2024 707 2079 Μάνηςε
744 2026 1000 2082 κυβευτικοῦ
1030 2023 1169 2079 fidam)
1198 2022 1364 2080 ὄνομα,
1394 2023 1548 2068 καθά-

81 2114 159 2154 περ
194 2097 417 2156 Εὔβουλος
453 2097 499 2138 ἐν
531 2099 779 2153 Κυβευταῖς
820 2096 1085 2154 παρίστησι,
1124 2098 1199 2138 καὶ
1239 2095 1384 2139 ἄλλων
1413 2114 1549 2140 και-(ι-

81 2169 213 2223 λέγων
241 2166 441 2225 ὀνόματα
471 2165 629 2223 βόλων.
694 2172 760 2213 Ad
790 2172 906 2212 cuius
937 2171 1017 2210 loci
1047 2184 1233 2211 normam
1263 2174 1472 2224 refingere
1502 2173 1550 2212 li-

83 2246 148 2282 cet
187 2254 291 2294 quae
327 2243 377 2283 ab
417 2243 564 2283 eodem
603 2243 880 2283 Grammatico
927 2241 1168 2281 referuntur
1207 2255 1241 2282 s.
1272 2255 1309 2283 v.
1350 2239 1552 2294 ΗΙάγνης,

83 2312 153 2352 ubi
181 2314 269 2353 sine
296 2325 419 2370 sexnsu
459 2314 636 2367 legitur,
675 2307 888 2365 ,Μάγνηςε
932 2308 1188 2364 κυβευτικοῦ
1218 2307 1355 2363 βόλου
1385 2325 1552 2366 προση-

83 2378 222 2437 γορία.
279 2381 354 2422 καὶ
382 2378 526 2423 ἄλλων
555 2382 729 2425 πολλῶν
759 2380 1002 2436 λεγομένων
1032 2377 1234 2435 ὀνόματα
1267 2380 1425 2435 βόλων.

790 2498 862 2540 lV.

198 2580 420 2620 Proverbia
449 2581 609 2621 Bodlei.
640 2582 736 2622 642.
778 2579 970 2628 Mi5a9
1008 2578 1063 2619 ἐν
1092 2574 1286 2631 κύβοις
1315 2576 1554 2633 §.fistule-5-

88 2656 278 2695 ’τατοςι
319 2646 452 2700 βόλου
490 2646 632 2705 ὄνομα
662 2647 686 2691 ὁ
718 2650 895 2703 ΖῑΙίδας,
933 2642 986 2690 οὗ
1015 2650 1090 2690 καὶ
1118 2647 1344 2704 Εὔβουλος
1380 2650 1427 2691 ἐν
1461 2651 1556 2691 Κυ-

95 2714 268 2771 βευταῖς
296 2718 532 2773 ’μέμνηται
605 2724 750 2765 Priora
781 2725 815 2765 si
847 2723 1000 2766 Eubuli
1031 2727 1148 2775 suut,
1189 2725 1395 2767 senarium
1435 2722 1557 2764 facile
