1702 3158
201 166 286 208 820
785 163 1057 206 AMPflmls
1111 166 1114 169 “

843 347 848 357 ,
881 302 957 344 xa

313 399 502 452 Hyginus
519 399 681 439 Astron.
705 398 759 447 11,
775 399 815 438 l:
843 404 892 439 ut
919 402 984 439 ait
999 399 1189 452 Amphis,
1218 398 1520 440 comoediarum
1545 401 1650 441 scri-
1688 452 1689 458 ¹

193 475 310 524 ptor,
338 470 500 522 Iupiter
525 467 746 508 simulatus
776 470 962 523 effigiem
976 469 1159 518 Dianae,
1188 482 1279 508 cum
1307 469 1513 522 virginem
1534 470 1649 520 (enl-

202 539 324 589 listo)
353 541 574 576 venantem
602 542 651 576 ut
679 538 878 579 adiutans
899 544 1238 592 persequeretur,
1277 543 1458 579 amotam
1496 553 1524 580 a
1553 553 1651 582 con·
1683 529 1694 570 ss

202 612 346 660 spectu
383 605 564 645 aliarum
606 610 872 660 compressit.-
911 622 1016 662 quae
1051 613 1205 662 rogata
1243 621 1271 648 a
1298 608 1445 648 Diana
1481 609 1583 662 quid
1609 610 1652 649 ei

203 677 427 716 accidisset
457 675 565 727 quod
591 680 679 714 tam
715 677 871 729 grandi
904 683 1022 718 utero
1060 678 1294 727 videretur,
1329 678 1444 718 illius
1471 682 1650 731 peccato

202 746 252 785 id
288 745 472 784 evenisse
509 745 646 784 dixit:
681 747 826 799 itaque
855 752 1028 800 propter
1065 749 1154 788 eius
1181 761 1416 800 responsum
1452 748 1500 787 in
1528 761 1652 801 quam

189 817 379 868 figuram
421 827 547 867 supra
590 815 772 854 diximus
815 829 907 855 eam
943 816 1090 856 Diana
1131 818 1349 857 convertit.
1421 817 1651 864 Scholiasta

202 883 433 924 Germanici
469 885 580 923 Arat.
611 897 649 935 p.
681 885 735 923 38
770 885 835 925 ed.
873 884 1017 925 Buhl.=
1057 885 1234 938 Amphis
1283 890 1435 935 autem,
1471 885 1650 926 comicus

195 959 342 1007 poeta,
381 954 513 1005 refert
549 953 686 992 Iovem
723 954 770 992 in
798 953 971 993 Dianae
1007 955 1191 1007 effigiem
1223 957 1567 1008 transfiguratum
1603 953 1651 992 in

203 1023 427 1063 venatione
467 1021 640 1060 Callisto
679 1024 927 1074 oppressisse
936 1038 952 1071 ;
998 1027 1180 1075 tempore
1206 1028 1358 1076 partus
1389 1023 1518 1075 plena
1559 1034 1652 1062 cum

203 1097 428 1132 venaretur
457 1089 628 1130 Dianae
664 1091 828 1143 culpam
862 1091 1072 1130 indicasse
1107 1096 1150 1130 et
1190 1094 1345 1132 iratam
1383 1091 1570 1130 Dianam
1605 1091 1653 1130 in

202 1174 342 1201 ursam
372 1162 704 1213 transfigurasse.
763 1160 980 1200 Probabile
1010 1165 1074 1200 est
1102 1160 1303 1210 fabulam,
1345 1173 1393 1200 ex
1434 1173 1512 1212 qua
1549 1160 1653 1200 haec

204 1231 385 1270 derivata
414 1236 533 1278 sunt,
563 1224 793 1268 Καλλιστώ
825 1229 955 1270 fuisse
983 1231 1236 1283 inscriptam,
1274 1242 1355 1283 quo
1382 1229 1502 1270 titulo
1531 1229 1660 1276 etiam

203 1301 378 1343 Alcaeus
407 1299 657 1340 comoediam
689 1300 837 1340 docuit.

883 1411 975 1450 XII.

315 1508 544 1549 Scholiasta
573 1508 803 1547 Germanici
821 1509 932 1547 Atat.
951 1521 989 1559 p.
1006 1508 1060 1546 60
1085 1507 1148 1547 ed.
1165 1506 1312 1546 Buhl:
1341 1507 1530 1560 Iuppiter
1557 1519 1652 1547 vero
1698 1557 1699 1561 Ἰ

203 1578 364 1631 vulpem
392 1579 437 1617 in
467 1577 648 1629 lapidem
677 1578 882 1615 convertit
911 1582 953 1616 et
989 1589 1132 1615 canem
1167 1577 1295 1615 astris
1330 1576 1503 1616 intulit.-
1536 1577 1654 1616 cuius
1698 1584 1702 1590 ⁶

205 1653 371 1688 exortus
401 1648 519 1700 origo
550 1642 681 1698 (fort.
710 1643 906 1700 origine)
937 1647 1174 1685 continetur
1208 1644 1302 1694 tali,
1331 1646 1654 1698 utAmphianus
1701 1658 1702 1662 ¹

204 1717 518 1771 tragoediarum
563 1717 743 1769 scriptor
773 1714 816 1769 *)
856 1717 998 1767 refert.
1076 1727 1198 1767 quum
1244 1715 1474 1755 hominibus
1507 1714 1655 1755 stellae
1695 1718 1702 1777 51

204 1787 486 1840 relinquerent
524 1785 679 1833 locum,
719 1786 867 1824 missus
907 1789 969 1823 est
1006 1783 1169 1836 legatus
1203 1783 1329 1823 Canis
1358 1784 1416 1823 ad
1441 1784 1654 1835 Doloram,
1694 1754 1702 1857 ‘l

204 1869 327 1909 quam
355 1861 403 1894 ut
431 1855 542 1894 vidit
571 1867 619 1893 eo
647 1859 830 1906 tempore
867 1854 1154 1905 tempestivam
1192 1865 1280 1892 esse
1319 1853 1536 1893 adamavit
1563 1852 1656 1909 **).·
1694 1843 1702 1915 ἢ

205 1927 277 1979 qui
305 1938 397 1964 cum
419 1927 632 1977 flagraret
667 1936 807 1962 amore
840 1936 917 1962 nec
948 1927 1093 1976 posset
1121 1923 1241 1972 frui,
1289 1923 1425 1976 magis
1467 1918 1664 1975 asperia&

203 1995 413 2034 urebatur.
472 1994 718 2033 calamitate
756 1997 929 2044 accepta
965 1992 1061 2030 deos
1098 1991 1310 2031 adiutores
1338 1993 1532 2032 invocare
1561 2004 1653 2032 coe·-
1692 2014 1693 2024 κ

193 2065 282 2117 pit.
339 2069 438 2103 tunc
466 2062 621 2115 Aquilo
653 2063 771 2101 misit
783 2062 903 2114 filios
931 2074 1026 2101 suos
1054 2060 1332 2100 adolescentes
1373 2062 1445 2113 qui
1478 2060 1654 2113 Operam

205 2133 312 2173 Cani
348 2133 576 2172 traderent.
634 2133 723 2183 ipse
738 2133 855 2181 flatu
882 2144 955 2171 suo
989 2130 1116 2170 Canis
1152 2130 1340 2170 ardorem
1368 2129 1554 2180 sedavit,
1582 2131 1653 2183 qui
1690 2166 1691 2172 ,

187 2202 325 2252 flatus
364 2203 521 2242 etesiae
561 2201 733 2241 dicitur.
801 2202 847 2241 In
888 2201 950 2240 his
987 2200 1135 2248 verba,
1179 2200 1297 2239 cuius
1335 2204 1501 2240 exortus
1536 2200 1653 2253 origo

199 2272 437 2311 continetur
466 2269 549 2310 tali
577 2276 645 2320 ut,
688 2270 826 2310 addidi
855 2283 904 2310 ex
934 2271 1023 2310 cod.
1053 2269 1248 2309 Dieziano
1277 2269 1374 2308 bibl.
1403 2281 1490 2321 reg.
1517 2269 1646 2307 Bero-
1688 2322 1697 2338 η’

197 2339 386 2387 liniensis,
434 2353 483 2380 ex
523 2353 604 2392 quo
648 2340 865 2381 scholiasta
903 2340 1146 2380 Arateorum
1192 2337 1422 2379 Germanici
1456 2336 1644 2389 plurimis

1666 1638 1675 1649 5

1693 1916 1701 1935 yl

291 2482 321 2524 ')
347 2484 388 2518 V.
413 2483 503 2518 Hist.
522 2484 595 2518 crit.
619 2496 652 2528 p.
677 2483 758 2518 404.
803 2483 872 2516 Pro
895 2488 1092 2522 Amphae'anus
1116 2483 1191 2516 cod.
1215 2481 1318 2515 Diez.
1342 2485 1520 2521 Amphiam.
1686 2475 1695 2518 l

263 2541 311 2582 ⁸⁸)
336 2542 386 2574 Ita
409 2544 543 2577 correxi
567 2554 612 2577 ex
636 2544 710 2577 cod.
722 2542 826 2576 Diez.
852 2542 964 2583 Vulgo
987 2547 1069 2575 vidit
1093 2548 1233 2581 tempore
1258 2546 1447 2580 tempestivo
1471 2542 1648 2573 adamavit.
1687 2531 1692 2591 ξ

245 2598 313 2641 ''⁸')
339 2600 426 2634 Cod.
451 2602 551 2636 Diez.
582 2605 662 2636 ante
687 2606 869 2635 calamitate
891 2601 996 2634 habet
1017 2606 1061 2634 ad
1091 2606 1249 2640 honitnes,
1276 2611 1338 2643 pro
1369 2605 1474 2640 coepit
1505 2597 1693 2657 exhibetnjff

189 2664 379 2699 coeperunt,
411 2664 445 2694 et
477 2666 556 2695 ante
578 2668 730 2695 invocare
761 2659 882 2695 inserit
911 2667 954 2694 et.
1013 2660 1242 2694 Scribendum
1273 2659 1400 2702 igitur:
1434 2665 1468 2694 at
1503 2651 1655 2692 homines⁴
1700 2667 1702 2672 ·

188 2721 371 2753 calamitate
394 2727 524 2761 accepta
549 2726 626 2756 deos
649 2727 817 2756 adiutores
839 2726 870 2755 εἰ
893 2726 1046 2754 invocare
1070 2724 1254 2761 coeperunt.

1681 2745 1691 2827 Q*

1683 2893 1692 2933 {2
