1702 3158
330 691 1162 756 EPIMETRUM

225 843 299 885 DE
329 840 642 885 PHILOXENI
672 839 949 880 GYTHERII
980 837 1268 881 CONVIVIO.

14 1084 251 1144 Philoxeni
267 1101 454 1155 Gythei-ii
484 1114 648 1142 carmen
678 1102 720 1141 in
751 1113 832 1153 quo
861 1100 1122 1149 lautissimas,
1152 1097 1281 1152 ipsius
1309 1095 1487 1138 fortasse

18 1173 227 1227 Dionysii,
258 1173 400 1226 epulas
428 1173 468 1213 in
498 1172 619 1213 amici
648 1172 860 1213 cuiusdam
890 1172 954 1212 sui
983 1171 1157 1224 gratiam
1195 1169 1486 1222 descripserat,

20 1245 99 1285 etsi
127 1245 169 1285 in
198 1244 278 1284 levi
309 1243 537 1294 et,ludicro
554 1243 793 1283 versabatur
823 1246 1081 1296 argumento,
1112 1254 1190 1282 nec
1219 1241 1309 1282 sine
1338 1240 1489 1281 iniuria

20 1319 192 1369 propter
220 1314 506 1355 audacissimus
535 1314 731 1366 quasdam
770 1314 990 1354 verborum
1027 1312 1347 1366 compositiones
1377 1312 1488 1352 ride-

21 1389 90 1426 tur
117 1385 168 1425 ab
182 1383 458 1437 Aristophane
473 1386 528 1436 *),
558 1390 696 1424 tamen
727 1396 834 1437 quae
863 1389 1026 1425 servata
1055 1389 1151 1425 sunt
1180 1384 1269 1424 eius
1297 1383 1489 1424 carminis

19 1455 218 1508 reliquiae
254 1455 489 1508 planissime
526 1456 769 1496 confirmant
794 1455 1039 1508 Antiphanis
1071 1457 1132 1506 **)
1170 1455 1223 1495 de
1262 1454 1491 1496 Philoxeno

21 1527 232 1576 iudicium,
261 1526 330 1579 qui
358 1526 614 1579 ingeniosum
643 1531 809 1580 poetam
835 1526 917 1566 hoc
946 1528 1106 1567 ornavit
1134 1526 1383 1580 praeconio:

191 1591 303 1636 πολύ
331 1593 374 1649 y’
402 1595 494 1636 ἐστὶ
526 1593 706 1637 πάντων
734 1594 820 1636 τῶν
851 1595 1045 1646 ποιητῶν
1076 1594 1289 1650 διάφορος

190 1661 214 1706 ὁ
249 1663 502 1718 Φιλόξενος·
532 1666 588 1707 τὰ
617 1666 768 1721 πρῶτα
798 1668 879 1720 μὲν
907 1664 991 1721 γὰρ
1020 1662 1239 1719 ὀνόμασιν

192 1730 343 1778 ἰδίοισι
373 1737 446 1778 καὶ
476 1735 666 1779 καινοῖσι
693 1736 851 1793 χρῆται
881 1738 1131 1791 πανταχοῦ·

194 1803 345 1848 ἔπειτα
374 1807 429 1849 τὰ
457 1808 566 1863 μέλη
594 1808 862 1863 μεταβολαῖς
891 1809 966 1849 καὶ
993 1804 1221 1863 χρώμασιν

191 1874 250 1927 ὥς
277 1868 324 1919 εὖ
354 1879 582 1934 κέκραται·
611 1878 721 1929 θεὸς
751 1879 796 1920 ἐν
826 1876 1138 1935 ἀνθρώποισιν
1166 1869 1220 1930 ἧν

192 1947 362 2002 ἐκεῖνος,
391 1945 517 1999 εἰδώς
546 1948 626 2001 τὴν
658 1947 843 2001 ἀληθῶς
872 1947 1103 2003 μουσικήν.

30 2019 252 2062 Constabat
284 2027 419 2063 autem
451 2023 670 2063 Philoxeni
706 2036 871 2067 carmen
901 2024 1058 2064 duabus
1089 2023 1344 2076 potissimum
1374 2022 1500 2075 parti-

31 2090 123 2140 bus,
152 2104 321 2143 quarum
350 2094 478 2134 altera
509 2106 675 2142 coenae,
707 2093 836 2133 altera
866 2094 1138 2134 secundarum
1162 2106 1395 2133 mensarum
1428 2093 1500 2132 de-

34 2162 296 2215 scriptionem
326 2165 689 2217 complectebatur.
748 2165 811 2204 Ex
842 2165 980 2217 priore
1011 2172 1126 2217 parte
1157 2177 1261 2216 quae
1292 2166 1343 2203 ab
1374 2164 1502 2204 Athe-

37 2244 141 2272 naeo
182 2245 272 2274 cum
314 2234 402 2276 aliis
432 2235 533 2275 locis
563 2240 650 2275 tum
682 2236 856 2275 maxime
887 2235 991 2275 libro
1025 2235 1081 2276 1V
1114 2235 1194 2274 146
1210 2234 1240 2273 f.
1271 2234 1502 2287 fragmenta

38 2307 198 2344 servata
227 2309 342 2354 sunt,
373 2307 518 2358 partim
550 2307 599 2346 ab
629 2306 718 2347 aliis
746 2307 827 2347 iam
860 2306 911 2346 ad
942 2307 1147 2346 saniorem
1178 2304 1354 2344 formam
1383 2318 1502 2344 revo-

37 2377 126 2414 cata
155 2375 302 2427 partim
332 2375 435 2416 adeo
464 2382 655 2429 corrupta
687 2383 795 2427 sunt,
826 2381 870 2417 ut
901 2376 1000 2416 mihi
1031 2376 1197 2428 quidem
1228 2375 1359 2414 omnis
1389 2375 1505 2414 labor

41 2456 183 2485 eorum
223 2446 496 2486 emendationi
534 2446 686 2488 frustra
725 2449 874 2490 insumi
906 2448 1104 2488 videatur.
1167 2446 1311 2485 Paullo
1342 2445 1505 2486 felicius

44 2513 87 2554 in
129 2517 276 2556 ceteris
318 2516 561 2570 fragmentis
604 2532 730 2572 opera
778 2521 876 2560 mihi
919 2519 1130 2567 successit,
1174 2530 1348 2569 quorum
1394 2517 1505 2569 quod

50 2584 156 2636 apud
185 2585 439 2629 Athenaeum
476 2588 580 2630 libro
617 2591 715 2632 xlv
744 2605 784 2644 p.
816 2591 899 2630 643
938 2590 1104 2642 legitur,
1144 2601 1236 2628 cum
1275 2588 1422 2642 passim
1464 2588 1506 2627 in

98 2727 132 2771 ³)
156 2729 199 2764 V·
223 2731 406 2777 Bergkimn
432 2738 626 2774 comment.
653 2751 686 2784 p.
711 2740 791 2774 212.
847 2739 896 2783 ”)
923 2738 961 2774 V.
987 2735 1191 2783 Antiphanis
1216 2735 1342 2778 fragm.
1367 2746 1399 2779 p.
1428 2735 1507 2768 121.
