1702 3158
614 133 739 177 NEO
747 133 904 177 ΤἸἸΣ.
1427 133 1512 173 34⁰

36 283 93 294 ·-·
122 257 195 302 Vs.
225 257 254 298 4
293 249 521 309 τρίκρανος
549 247 740 294 Σκύλλα.
804 253 1012 292 Homerus
1043 247 1123 290 od.
1152 247 1232 288 XII
1262 248 1319 288 9⁰
1349 247 1514 301 Scyllae

37 342 110 372 sex
140 328 277 382 capita
306 326 504 368 attribuit.
550 344 604 352 --
646 325 717 367 Vs.
749 324 776 363 8
807 316 1024 373 [Ιλάγονα
1053 320 1101 360 G.
1146 319 1253 361 Vide
1283 320 1393 360 Hist.
1422 319 1514 360 erit.

37 413 81 455 p.
112 400 209 440 366.
268 424 324 430 —-
369 398 439 439 Vs.
470 397 525 436 10
552 389 687 448 μόνος
717 387 762 431 δ’
796 394 916 435 ABG.
968 385 1104 445 μόνος
1134 386 1179 429 δὲ
1210 391 1258 432 C.
1303 388 1349 429 δὲ
1378 385 1516 443 μόνος

38 471 165 514 PVL.
216 495 271 502 —-
314 469 385 511 Vs.
416 467 470 508 13
500 464 633 521 γραῦς
661 466 741 519 μὲν
771 456 897 513 αὕτη.
956 463 1007 505 V.
1039 462 1090 502 ad
1121 462 1344 515 Antiphan.
1375 475 1415 515 p.
1448 463 1516 504 14.

38 567 96 574 —-
137 541 210 583 Vs.
240 540 296 581 14
337 529 449 578 ὥστ’
478 533 771 588 ἀπαλλαγεῖσι
810 528 971 583 ταύτης
1010 533 1224 573 Dobraeus
1261 533 1436 574 Advers.
1475 532 1516 574 11

40 625 84 666 p.
114 611 213 652 341.
270 609 384 651 Libri
411 604 470 657 ὠς
497 605 554 648 τὰ
585 603 726 649 πολλά
754 602 798 660 y'
831 599 917 646 εἰσὶ
959 599 1135 653 ταύτης.
1193 606 1310 656 Quae
1349 604 1518 658 egregia

43 680 277 724 emendatio
307 684 383 720 eat.
443 706 498 714 —-
544 681 614 723 Vs.
645 679 698 721 15
729 672 927 718 Νάννιον
955 670 999 714 τί
1028 676 1098 716 ΛΒ
1131 679 1172 714 et
1204 676 1301 728 epit.
1332 675 1518 716 Hoeaeh.

42 747 203 793 Ναννώ
235 746 278 789 τί
311 751 397 792 VL.
437 746 597 789 Ναννώ
633 780 673 792 ..
693 781 704 792 .
735 744 779 788 τί
811 750 857 790 Ρ.
908 749 1017 788 Tum
1046 744 1144 785 νυνὶ
1177 746 1398 786 lacobsius.
1439 742 1520 784 νῦν

42 821 328 865 PVL.om.B.
359 817 438 859 νῦν
461 817 515 869 δὴ
534 820 717 860 Grotius.
750 816 804 867 δὴ
835 816 914 857 νῦν
931 819 1153 857 Porsonus.
1186 816 1520 869 Dindosfius.—-

41 893 113 936 Vs.
129 893 184 933 16
214 885 454 945 θηρεύεται
482 888 648 943 λαβεῖν,
681 889 838 932 Similia
870 889 1037 940 collegit
1070 887 1300 927 Lobeckius
1326 887 1376 926 ad
1407 888 1522 928 Aiac.

43 977 86 1018 p.
116 964 171 1004 71
203 967 247 1005 et
274 962 381 1003 Add.
435 988 490 995 -—-
547 963 619 1005 Vs.
653 963 707 1002 17
737 956 935 1010 ἐξέπαισε
966 959 1248 1000 casaubonus.
1309 958 1425 998 Libri
1454 955 1522 1008 ἐξ·

41 1033 181 1076 ἔπεσε.
255 1034 457 1075 Similiter
501 1028 760 1082 ἐκλακτίζειν
803 1031 903 1071 dixit
947 1029 1179 1072 Menander
1226 1030 1332 1070 Piso.
1371 1043 1411 1083 p.
1445 1029 1522 1070 15:

43 1100 337 1146 ἔκλελάκτικεν
366 1099 389 1144 ὁ
414 1101 604 1159 χρηστὸς
634 1100 738 1157 ἡμῖν
767 1098 928 1155 μοιχός,
961 1102 1111 1151 evasit,
1142 1101 1309 1154 effugit.
1372 1102 1524 1141 Porso-

46 1189 126 1219 nus
154 1173 390 1227 ἐξέπλευσε.
448 1202 503 1208 -—
566 1176 638 1218 Vs.
669 1177 724 1215 20
755 1170 916 1226 Σειρὴν
945 1168 1273 1224 ἀποτετιλμένη.
1325 1174 1523 1225 Spectat-e

45 1248 153 1290 haee
181 1247 233 1288 ad
262 1247 444 1287 fabulam
472 1247 607 1296 illam,
646 1259 727 1299 qua
756 1245 969 1286 Sirenibus
999 1257 1022 1283 a
1053 1243 1186 1284 Musis
1216 1256 1376 1295 pennae
1408 1243 1524 1284 evul-

47 1331 119 1360 sae
148 1318 405 1368 ferebantur,
435 1318 594 1358 monuit
625 1316 1066 1370 Schweigllaeuserus‚
1094 1326 1215 1366 quam
1244 1313 1287 1354 in
1316 1328 1405 1354 rem
1434 1315 1524 1355 lau-

48 1389 117 1430 dat
150 1389 377 1430 lacobsium
409 1389 518 1429 Mus.
549 1390 634 1430 Att.
667 1388 706 1428 11
736 1388 762 1427 3
793 1387 932 1441 p.173
964 1391 1005 1426 et
1034 1383 1397 1426 winkelmannum
1428 1387 1524 1426 Mo-

47 1473 159 1503 num.
185 1460 296 1502 ined.
327 1459 432 1501 Tab.
462 1460 530 1500 46.
592 1460 749 1512 Quibus
792 1459 899 1499 adde
939 1470 1102 1498 versum
1144 1457 1291 1497 incerti
1331 1458 1525 1507 auctoris,

48 1530 98 1572 αἱ
129 1528 313 1572 Μοῦσαι
353 1529 398 1570 δὲ
431 1529 602 1583 πτεροῖς
631 1522 853 1584 Σειρήνων
891 1525 1239 1583 ἐστέφανοῦντο,
1280 1529 1388 1581 apud
1430 1529 1524 1569 Sui-

50 1603 158 1645 dam.
201 1629 256 1635 —
291 1603 434 1645 Vae«)
452 1608 492 1642 et
510 1604 560 1642 21
596 1602 822 1642 memoriae
852 1614 995 1640 errore
1026 1605 1217 1652 tanquam
1251 1601 1403 1640 Eubuli
1435 1614 1527 1640 ver-

50 1687 120 1715 sus
162 1673 260 1714 citat
299 1673 330 1714 1.
370 1673 557 1726 scaliger
595 1674 646 1713 ad
686 1673 805 1714 varr.
844 1672 890 1711 L.
932 1674 978 1712 L.
1021 1672 1076 1712 Vl
1120 1685 1160 1723 p.
1191 1672 1271 1710 217
1314 1655 1403 1724 mp'.
1466 1673 1528 1712 De

50 1745 193 1800 gracili
239 1743 435 1785 Theanus
481 1757 655 1797 corpore
700 1743 764 1783 cfr
808 1742 1065 1794 Antiphanes
1105 1735 1334 1793 Ἀλιευομ.
1376 1756 1416 1794 p.
1458 1743 1527 1784 15.

51 1817 137 1858 Pro
167 1810 223 1854 τὰ
251 1813 379 1865 σκέλη
410 1815 587 1856 fortasse
619 1810 673 1854 τώ
708 1811 836 1862 σκέλη
868 1813 1146 1854 scribendum.
1178 1836 1233 1842 —
1264 1814 1336 1855 Vs.
1367 1814 1422 1853 23
1451 1811 1529 1852 λα-

53 1883 179 1927 λοῦσ’
208 1888 256 1928 L.
286 1881 479 1939 λαβοῦσ’
513 1887 677 1928 ABPV.
708 1880 929 1937 λαβοῦσαι
959 1885 1006 1925 C.
1045 1879 1144 1923 ἀλλ’
1178 1882 1223 1923 ἐν
1254 1887 1338 1926 AC.
1370 1883 1416 1924 ἐν
1446 1899 1528 1926 om.

52 1959 213 2003 BPVL.
263 1951 483 2011 αἰνιγμοῖς
513 1960 596 1999 Bc.
648 1950 907 2009 αἰνίγμασιν
939 1957 1061 1998 PVL.
1108 1956 1368 2010 Dindorfius.
1432 1957 1530 1997 Post

54 2044 114 2074 vo.
142 2031 199 2072 24
229 2030 368 2071 nescio
400 2043 451 2070 an
481 2029 637 2081 aliquid
669 2029 880 2069 exciderit.
939 2053 994 2059 —
1037 2028 1109 2069 Vs.
1141 2028 1196 2068 25
1227 2033 1270 2067 et
1297 2029 1354 2067 26
1384 2029 1424 2067 in
1458 2028 1530 2069 VL

58 2102 117 2144 eie
143 2106 240 2144 sunt
255 2101 468 2154 depravati
497 2113 591 2139 ecta
622 2099 734 2153 ᾳησὶ
765 2095 977 2147 παιδίσκη
1010 2095 1165 2147 δίπους
1193 2111 1433 2154 τετραπους
1452 2111 1531 2151 μοι

58 2170 224 2225 γένοιτο
255 2168 471 2225 σκίμπους
499 2170 525 2221 ἢ
554 2167 724 2225 θρόνος
753 2161 848 2211 εἶτα
879 2168 925 2211 δὲ
956 2167 1136 2224 τρίπους
1164 2167 1251 2218 τίς,
1288 2166 1384 2208 εἶτα
1426 2182 1531 2209 παι-

57 2241 185 2294 δισκη
224 2239 393 2291 δίπους.
449 2245 491 2285 in
524 2243 555 2284 P
586 2240 681 2282 εἶτα
712 2242 825 2297 φησὶ
855 2240 1068 2292 παιδίσκη
1102 2238 1256 2289 δίπους
1292 2238 1532 2294 τετράπους

57 2328 133 2369 μοι
161 2314 329 2368 γένοιτο
368 2314 479 2369 φησὶ
516 2311 597 2363 τὴν
634 2312 741 2368 πρὸς
778 2308 809 2362 ἡ
836 2311 1004 2368 θρόνος
1038 2303 1133 2353 εἶτα
1174 2311 1220 2352 δὲ
1251 2309 1430 2367 τρίπους
1467 2308 1534 2361 τίς

59 2375 152 2426 εἶτα
181 2385 294 2440 φησὶ
321 2383 534 2435 παιδίσκη
565 2382 734 2433 δίπους.
793 2388 1069 2427 Emendatum
1100 2399 1150 2426 ex
1180 2385 1302 2434 ABG,
1341 2385 1412 2437 qui
1449 2397 1532 2427 non

62 2458 140 2499 nisi
178 2469 259 2498 uno
295 2458 423 2498 verbo
460 2458 570 2497 inter
606 2470 652 2498 se
690 2457 902 2500 differunt.
961 2471 1055 2499 nam
1093 2440 1174 2506 τὴν
1197 2452 1304 2510 πρὸς
1334 2457 1532 2510 seriptum

58 2518 105 2567 'in
132 2529 181 2577 B,
217 2523 404 2583 τήνπρος
433 2529 475 2569 ἰιι
507 2531 555 2578 Α,
596 2525 811 2582 σκίμπους
839 2531 879 2571 in
911 2531 959 2580 C,
990 2541 1095 2583 quae
1123 2528 1296 2581 perinde
1326 2533 1534 2582 corrupta.

0 2609 3 2632 ι
68 2595 320 2649 Βίηάοζίὶαο.
389 2593 728 2653 Transpositione
768 2602 988 2642 verborum
1019 2613 1165 2640 sanare
1195 2601 1330 2640 locum
1363 2602 1534 2640 tentavit

0 2660 2 2727 2
69 2666 295 2718 Dobraeua‚
323 2659 416 2708 εἶτά
452 2684 529 2724 μοι
568 2668 784 2725 σκίμπους
821 2670 1012 2724 γένοιτο,
1052 2667 1187 2725 φησί,
1227 2667 1465 2725 τετράπους
1506 2666 1534 2720 ἢ

0 2730 4 2780 ἶ
69 2731 251 2790 &powg
330 2741 444 2792 Quae
482 2744 558 2784 etsi
594 2744 660 2785 vix
699 2758 798 2786 vera
838 2748 975 2786 tamen
1018 2743 1270 2798 probabilior
1308 2747 1371 2783 est
1403 2742 1532 2782 altera
