1702 3158
496 137 760 180 FABULAE
795 135 1102 181 lNcERTAE.
1268 144 1272 158 ⁸
1457 138 1541 179 135

0 238 1 243 Ἰ
54 254 196 294 masio.
239 279 292 286 —-
343 253 413 294 Vs.
443 253 469 291 6
496 246 775 304 Ὀλυμπίασι
805 249 1237 304 Schweigliaeuserns
1269 264 1344 304 pro
1374 244 1539 303 Ὀλυμ-

53 319 194 365 nedae.
255 324 357 364 lbid.
390 323 484 370 ταῖς
512 318 663 375 μυίαις
695 322 812 363 BCl).
875 316 951 367 τὰς
980 318 1114 372 μυίας
1146 323 1230 363 VL.
1296 347 1349 352 ——
1412 322 1482 362 Vs.
1513 323 1540 362 7

53 394 144 442 τοῖς
191 388 395 442 ἀκλήτοις
435 395 555 434 BCD.
615 388 713 439 τοὺς
755 386 969 441 ἀκλήτους
1004 394 1086 434 VL.
1158 392 1417 432 Sententiam
1459 392 1540 432 loci

53 466 250 519 explicuit
268 466 547 506 Casaubonus.
609 464 707 513 „Ait
738 470 859 516 poeta
892 465 1043 503 bonum
1078 463 1230 503 factum
1263 463 1370 511 sore,
1402 463 1435 502 si
1466 476 1537 515 pa-

51 537 166 577 rasiti
202 537 269 576 isti
313 537 448 576 alieno
491 540 657 588 sumptu
701 535 889 583 alantur,
935 536 1090 587 fiatque
1136 534 1219 574 illis
1265 535 1375 586 quod
1426 534 1534 573 solet

51 607 205 647 muscis
238 607 476 659 Olympiae3
507 607 588 646 hoc
622 612 697 655 est,
729 611 774 646 ut
805 619 886 646 non
918 607 1031 659 prius
1062 605 1252 645 ineantur
1283 606 1333 645 ab
1361 605 1430 654 iis,
1467 606 1535 654 qui

50 678 192 716 volunt
225 689 303 716 una
335 691 448 724 esse,
479 677 691 725 convivia,
723 689 843 728 quam
874 676 914 715 in
947 676 1123 728 gratiam
1156 675 1428 727 parasitorum
1461 678 1532 717 bo-

48 759 140 786 vem
169 747 451 787 mactaverint.
500 747 591 785 [loc
622 747 730 785 enim
763 751 825 786 est
857 747 966 798 quod
1000 746 1089 785 fieri
1121 746 1177 784 ait
1207 747 1359 786 muscis
1388 748 1530 801 Olym-

46 817 152 869 piae.
214 816 370 856 Plinius
400 815 536 855 XXlX
569 816 595 854 6
636 816 691 854 34
733 816 785 855 (le
818 818 969 855 muscis
999 817 1200 867 loquens:
1240 815 1398 856 nullum
1437 821 1533 859 ani-

34 886 132 927 ‚mal
158 888 296 926 minus
323 887 460 926 docile
487 886 759 926 emistimatur
794 887 1022 926 minorisve
1070 885 1335 925 intellectus:
1373 901 1420 926 eo
1451 890 1531 928 mi-

45 957 222 997 rabilius
252 963 339 1006 esc,
387 956 603 1010 Olympiae
631 970 753 997 sacro
784 958 1016 997 certamine
1045 957 1174 998 nubes
1206 970 1348 996 earum
1382 959 1526 999 immo-

47 1028 136 1068 lato
167 1033 293 1068 tauro
323 1029 421 1076 deo,
456 1041 574 1081 quem
603 1027 805 1080 Myiaden
835 1034 1002 1079 vocant,
1034 1033 1157 1068 extra
1188 1029 1452 1070 territorium
1482 1032 1531 1070 id

45 1099 175 1139 abire.
236 1099 466 1150 Religionis
498 1099 698 1151 originem
731 1103 870 1139 narrat
901 1099 1124 1139 Pausanias
1155 1101 1190 1139 V
1225 1099 1296 1138 14:
1332 1101 1527 1142 traditum

45 1170 95 1210 ab
128 1169 311 1209 Hercule
341 1169 574 1209 institutum
606 1169 789 1210 tenuisse
822 1170 970 1218 Eleos,
1000 1174 1042 1209 et
1073 1170 1214 1209 lovem
1247 1177 1524 1223 cognomento

41 1233 294 1293 ’Λπόμυιον
333 1238 536 1288 coluisse,
575 1234 818 1279 ἐλαύνοντα
859 1237 934 1287 τῆς
961 1234 1137 1285 Ἡλιιάς
1165 1234 1417 1292 Ὀλυμπίας
1449 1240 1526 1289 τὸς

39 1306 174 1364 μυίας
258 1310 375 1351 Alius
413 1309 516 1350 deus
547 1310 760 1363 Myiagrus
799 1311 849 1350 ab
887 1310 1034 1349 iisdem
1071 1310 1184 1350 Eleis
1217 1311 1373 1361 cultus,
1413 1313 1525 1353 refe-

41 1385 160 1421 rente
191 1380 337 1420 eodem
371 1380 506 1419 Plinio
539 1381 572 1420 X
603 1381 660 1420 28
690 1381 760 1420 40.
828 1381 936 1420 lllud
967 1380 1190 1421 admodum
1222 1395 1372 1432 suave,
1414 1386 1524 1436 quod

41 1451 286 1492 sacrificium
317 1451 356 1490 iu
389 1451 589 1491 honorem
621 1450 730 1490 Iovis
760 1463 991 1491 muscarum
1024 1452 1117 1490 fieri
1147 1453 1312 1494 solitum
1345 1455 1404 1495 sic
1435 1457 1521 1496 An-

41 1521 230 1575 tiphanes
258 1522 568 1574 interpretatur,
600 1522 715 1574 quasi
745 1522 784 1561 in
816 1522 979 1561 illarum
1006 1523 1178 1574 gratiam
1211 1525 1348 1575 fieret,
1382 1530 1427 1565 ut
1458 1540 1523 1567 es-

41 1597 105 1633 set
142 1592 293 1632 muscis
333 1593 442 1632 unde
483 1594 595 1632 laute
627 1598 669 1632 et
700 1593 863 1645 daptice
897 1593 1195 1644 excipiantur.'’
1267 1597 1326 1636 De
1370 1599 1521 1638 muscis

41 1663 268 1715 olympicis
299 1662 719 1715 Schweighaeuserus
757 1663 870 1703 addit
901 1664 1117 1703 Aelianum
1151 1665 1185 1706 V
1218 1666 1271 1705 17
1309 1672 1350 1706 et
1383 1668 1438 1707 xl
1479 1669 1519 1708 8.

41 1733 145 1775 vide
176 1718 299 1773 etia‘m
332 1734 524 1775 uastam.
555 1734 606 1774 ad
639 1734 754 1774 mad.
786 1748 827 1787 p.
859 1733 973 1773 1454
1004 1734 1074 1774 24.

746 1879 819 1920 Vl.

268 1963 398 2021 Oijuoa
427 1964 724 2022 κακοδαίμων,
756 1965 834 2008 τὸν
864 1963 1080 2022 τράχηλον
1108 1964 1166 2016 αἷς
1198 1965 1294 2022 ἔχω.

17 2131 21 2138 1
151 2081 390 2123 Athenaeus
422 2082 440 2121 1
472 2096 510 2135 p.
545 2083 598 2123 14
614 2083 657 2123 f:
695 2079 808 2122 πολὺ
847 2079 892 2121 ὂὲ
933 2079 983 2122 τὸ
1022 2077 1238 2122 σίντονον
1266 2080 1340 2120 καὶ
1370 2094 1519 2134 καμα-

40 2147 172 2206 τηρὸν
208 2149 285 2201 τῆς
312 2151 410 2206 περὶ
441 2151 521 2201 τὴν
552 2150 866 2206 σφαιριστικὴν
897 2149 1082 2206 ἁμίλλης
1123 2149 1172 2192 τό
1204 2166 1247 2191 τε
1276 2148 1390 2192 κατὰ
1419 2148 1520 2199 τοὺς

40 2219 357 2276 τραχηλισμοὺς
386 2221 625 2278 ῥωμαλέον.
683 2219 959 2277 Ἀντιᾳάνης
996 2222 1127 2277 Οἴμοι
1155 2221 1243 2262 κτλ.
1306 2224 1518 2264 Casaubo-

41 2306 118 2335 nus
146 2294 266 2334 affert
295 2294 496 2337 Galenum
528 2296 669 2336 libello
700 2296 752 2336 de
778 2309 903 2349 parva
933 2297 1016 2350 pila
1048 2296 1156 2347 opp.
1189 2295 1270 2334 vol.
1290 2294 1344 2335 IV
1377 2293 1514 2346 p.301

42 2364 134 2405 Bas.
163 2355 272 2403 ὅταν
300 2360 383 2418 γὰρ
414 2361 725 2419 συνιστάμενοι
754 2362 864 2420 πρὸς
894 2362 1109 2416 ἀλλήλους
1134 2363 1208 2403 καὶ
1239 2359 1519 2404 &nomi-230»-

43 2445 110 2482 τες
136 2428 400 2488 ὑᾳαρπάσαι
427 2432 508 2485 τὴν
536 2434 701 2490 μεταξὺ
731 2435 998 2486 διαπονοῦσι,
1038 2435 1247 2489 μέγιστον
1290 2430 1400 2474 αὐτὸ
1441 2434 1518 2474 καὶ

47 2500 351 2558 σειοδρότατον
387 2502 690 2559 καθίσταται,
729 2506 904 2555 πολλοῖς
940 2509 1021 2560 μὲν
1061 2504 1371 2560 τραχηλισμοῖς
1403 2502 1516 2545 πολ-

21 2570 139 2623 ’λαῖς
174 2571 221 2614 δ’
251 2571 512 2629 ἀντιλὴψεσι
550 2575 860 2626 παλαιστικαῖς
902 2573 1271 2631 ἀναμέμιγμένον,
1304 2570 1416 2616 ὥστε
1447 2589 1517 2616 κε-

51 2641 193 2695 φαλὴν
221 2645 294 2686 καὶ
323 2642 484 2700 αὐχένα
515 2648 758 2688 πονεῖσθαι
800 2649 888 2697 τοῖς
930 2648 1252 2704 τραχηλισμοῖς.
1318 2648 1390 2689 Cfr
1423 2647 1518 2688 Cin-

51 2715 166 2754 nami-
186 2717 308 2757 verba
340 2719 501 2771 Fragm.
536 2720 611 2762 Vll
645 2721 861 2774 adscripta.
