1702 3158
233 178 316 220 flu
814 170 1091 215 EUBULUS.

934 283 988 324 11.

238 369 451 414 Attelabos
480 367 610 408 oculis
638 366 839 416 referens,
868 379 942 407 ore
969 365 1194 420 improbus,
1222 373 1385 415 anceps,

241 440 421 480 bellator
449 439 655 490 perimens
684 450 766 478 non
795 438 915 478 na'tae
943 436 1095 477 femina
1123 433 1263 488 prolis.

242 510 429 560 Namque
457 507 529 546 ille
559 507 754 547 crocodili
782 520 857 548 ova
886 507 1102 559 arripiens,
1128 509 1344 554 autequam

241 579 415 619 ferinam
444 577 486 616 in
517 575 688 617 formam
720 576 896 617 informe
925 588 1067 616 semen
1096 576 1288 619 trauseat,

242 648 395 700 frangit
424 645 697 698 comeditque.
756 647 802 686 Β.
834 647 886 686 At
916 656 1067 697 anceps
1096 655 1223 695 quare
1254 639 1426 680 dicitur?

244 720 292 759 A.
323 716 662 769 Quandoquidem
692 715 857 756 inferne
885 714 1043 767 pungit,
1072 713 1190 752 labiis
1222 710 1432 750 mordicat.

244 787 350 829 Novi
380 799 457 839 ego
488 786 557 836 qui
588 785 745 826 iuvenis
774 784 908 837 gravis
938 789 1021 824 est:
1052 794 1145 822 mox
1174 781 1304 821 serior
1332 777 1420 819 aevi

245 857 378 897 avolat
407 854 609 907 implumis
639 858 839 894 terrarum
869 854 992 906 plana
1018 852 1267 902 relinquens.

249 927 288 966 Is
317 926 448 978 prima
478 928 612 964 aetate
640 924 780 964 sedem
809 923 960 963 retinet
988 920 1168 968 seminis,

249 999 290 1036 at
318 994 396 1034 hac
425 1005 596 1033 excussa
626 994 726 1033 levis
755 993 838 1033 huc
866 996 987 1044 atque
1015 990 1116 1030 illuc
1145 989 1268 1036 volat,

252 1074 416 1116 quoquo
446 1074 667 1115 puerorum
697 1061 922 1106 velificatur
950 1064 1129 1117 spiritus.

799 1226 1166 1275 ΨΟΙΝΙΞ.

254 1323 318 1365 Ob
347 1322 554 1362 raritatem
584 1330 708 1371 pavus
739 1324 800 1359 est
830 1317 1038 1359 miraculo.

752 1469 1207 1514 ΧΑΡΙΤΕΣ.

255 1563 320 1605 Ah
349 1565 499 1614 quanto
530 1559 686 1600 satiu'st
715 1557 884 1606 homini,
915 1552 1060 1617 perlte
1090 1568 1162 1595 oro
1193 1554 1314 1604 Deos,

255 1631 465 1672 hominem
495 1629 651 1670 nutrire
680 1629 715 1669 si
743 1627 914 1667 facultas
944 1629 1147 1679 suppetat,
1189 1663 1192 1665 .

258 1714 378 1754 quam
407 1698 722 1753 penniplaudam
753 1696 1185 1750 strepericlungentem
1219 1686 1439 1743 anserem,

258 1776 328 1813 aut
356 1782 578 1825 passerem,
608 1772 678 1808 aut
706 1767 951 1808 malitiosum
981 1764 1131 1806 animal
1160 1762 1348 1804 simiam?

722 1937 1253 1982 XPYSIAAA.

972 2042 1006 2082 1.

261 2129 414 2170 Iterum
444 2128 512 2180 qui
542 2139 709 2168 uxorem
738 2126 864 2174 duxit,
895 2126 1100 2178 dispereat
1129 2123 1248 2164 male.
1340 2177 1342 2180 y

261 2198 329 2250 qui
358 2198 530 2250 primam
560 2197 685 2246 duxit,
716 2189 880 2250 parcam
910 2196 947 2234 ei
976 2193 1246 2234 maledicere:
1324 2185 1326 2188 ’

260 2278 421 2318 nanque
448 2267 483 2306 is
511 2266 746 2319 inexpertus
776 2278 825 2305 eo
857 2277 950 2305 cum
979 2263 1097 2304 venia
1126 2260 1344 2302 erraverit:

263 2339 304 2377 at
331 2335 435 2375 alter
464 2341 582 2376 norat
612 2339 722 2376 esset
752 2333 849 2387 quid
879 2334 1026 2374 mulier
1054 2332 1162 2374 mali.
1240 2318 1242 2320 .

963 2422 1015 2462 11.

263 2506 339 2546 Pol
367 2505 474 2546 male
504 2505 739 2555 discruciet,
768 2517 926 2545 summe
956 2505 1100 2544 Divum
1130 2504 1327 2556 Iuppiter,

264 2575 300 2615 si
327 2587 503 2626 unquam
533 2576 751 2615 mulierum
780 2575 895 2614 sexui
922 2574 1186 2620 maledixere,

262 2656 343 2695 quo
373 2644 475 2684 nihil
505 2650 567 2684 est
596 2657 765 2697 usquam
796 2644 954 2684 melius.
1013 2655 1104 2683 nam
1134 2641 1262 2681 fuerit
1291 2641 1396 2681 mala

262 2713 436 2754 Medea:
466 2714 563 2765 quid
592 2716 706 2754 tum?
735 2714 874 2766 quanti
903 2724 1005 2753 nam*
1025 2716 1166 2752 contra
1195 2710 1303 2764 preti
