1702 3158
249 133 333 174 396
844 130 1100 174 Anexrms

250 240 513 298 ἕνπινομὲνω
542 244 592 284 Α.
618 238 889 293 ἐνπινωμένω
919 241 966 282 Ρ.
1001 239 1247 295 ἐμπίνωμεν
1276 244 1362 283 sine
1388 232 1422 282 ὦ
1453 246 1498 286 Β.
1528 242 1686 298 ἐμπίω-

249 326 330 367 μεν
358 315 405 356 G.
462 314 574 355 Alias
603 312 854 363 corruptelas
883 311 975 350 vide
1005 313 1110 364 apud
1131 313 1399 355 Dindorfium.
1454 310 1598 353 Σίκων
1611 312 1686 354 Σί-

249 394 336 423 κων
372 384 648 424 casaubonus.
715 380 827 419 Libri
865 377 1024 429 Σικῶν,
1064 383 1187 434 idque
1227 384 1355 423 semel
1397 385 1603 436 scriptum,
1635 411 1687 419 -.

249 454 321 494 Vs.
351 454 376 492 6
405 453 496 491 libri
525 445 682 503 μανήν,
712 463 785 502 pro
817 462 896 501 quo
927 445 1062 498 Μάνη
1092 452 1279 492 Muretus
1308 454 1358 495 V.
1389 454 1435 494 L.
1466 454 1562 494 XIX
1592 456 1618 494 3
1648 459 1688 496 et

249 523 523 564 Casaubonus.
566 519 762 559 Poterant
790 523 947 559 servato
979 526 1148 560 accentu
1178 518 1329 570 Μανῆ.
1370 524 1419 564 ν.
1449 524 1499 563 ad
1528 525 1688 577 Fragm.

246 590 462 642 Hermippi
489 602 529 640 p.
559 588 656 628 398.
685 611 740 618 ·—-
768 589 840 629 Vs.
869 590 895 627 6
923 580 1050 636 ἥδιον
1078 590 1177 630 dixit
1207 592 1428 643 penultima
1456 594 1582 634 brevi.
1619 593 1689 634 cfi·

247 662 357 701 Hist.
388 659 478 698 crit.
510 658 536 697 Ι.
566 657 595 697 l.
637 681 691 688 —-
736 657 807 698 Vs.
837 659 863 697 8
893 672 967 711 pro
997 654 1144 712 ἀρεταὶ
1175 661 1379 702 lacobsius
1408 657 1549 715 ἀρχαί.
1608 662 1689 704 Sed

246 742 284 770 v.
322 727 574 768 Simonidem
615 720 775 779 fragm*
797 727 866 768 52.
938 728 1093 768 Ibidem
1136 725 1181 767 δὲ
1219 731 1339 771 cVL.
1396 743 1440 769 τε
1476 732 1595 772 ΑΒΡ.
1636 756 1689 764 -

244 799 317 840 νε.
347 800 374 837 t)
402 793 564 849 κόμποι
591 794 706 834 κενοὶ
735 793 973 848 ψοᾳοῖσιν.
1033 798 1290 850 Phrynichus
1320 801 1445 840 Bekk.
1476 813 1516 852 p.
1537 800 1592 838 48
1622 800 1688 840 18.

244 862 394 906 Καινὰ
421 863 610 920 ψοφεῖνε
637 861 792 911 καινῶς
821 861 1064 917 κομπάζειν.
1094 868 1207 920 Lege
1235 864 1335 906 κενά
1363 873 1404 909 et
1431 866 1573 916 κενῶς.
1608 870 1688 909 lbi-

245 937 338 978 dem
368 949 442 989 pro
472 927 704 985 ὀνειράτων
733 933 926 974 Valcken.
956 935 1007 974 ad
1036 937 1178 988 Eurip.
1211 937 1365 977 Phoen.
1396 951 1436 990 p.
1465 939 1547 978 249
1585 939 1688 978 mire

247 1007 447 1047 coniectat
485 997 705 1049 ὀνειάτων,
741 1004 954 1054 probatum
985 1005 1224 1045 Marklando
1254 1006 1304 1046 ad
1334 1007 1476 1059 Suppl.
1506 1008 1602 1049 127.
1631 1032 1685 1040 —

243 1077 316 1120 Vs.
346 1076 400 1115 10
429 1074 618 1114 Muretus
647 1083 696 1110 ex
726 1072 932 1112 veteribus
970 1074 1084 1113 libris
1122 1075 1242 1114 affert
1278 1071 1327 1114 σ’
1357 1071 1380 1114 ὁ
1411 1071 1594 1128 δαίμων.
1630 1101 1686 1108 —

243 1146 316 1188 Vs.
346 1144 397 1184 11
429 1136 585 1196 φάγοις
613 1144 655 1180 et
682 1135 797 1187 πίοις
827 1142 873 1182 Ρ.
904 1166 958 1172 —-
988 1142 1057 1184 Vs.
1089 1143 1141 1182 12
1170 1139 1332 1190 σποδὸς
1361 1146 1515 1197 scripsi,
1544 1149 1590 1185 ut
1617 1132 1687 1185 vo-

243 1216 321 1257 luit
349 1213 560 1254 Dobraeus
588 1210 690 1252 Adv.
720 1210 759 1250 11
787 1223 828 1263 p.
858 1211 954 1252 317.
999 1211 1111 1253 Libri
1140 1209 1313 1256 σποδοί.
1360 1215 1518 1256 Eodem
1548 1227 1687 1256 errore

244 1285 354 1328 PVL
382 1276 550 1336 Κόδροι
574 1280 725 1322 habent
754 1293 828 1333 pro
858 1275 1044 1334 Κόδρος.

688 1485 1258 1532 ΛΤΑΛΑΝΤΗ.

356 1602 628 1645 Antiatticista
656 1615 697 1654 p.
729 1601 811 1640 108
841 1601 880 1641 3.
926 1597 984 1638 M
989 1594 1314 1653 ικρὸφωνοςε
1344 1596 1520 1653 ”Αλεξις
1549 1599 1690 1643 'Ara-2

245 1671 394 1729 λάντῃ.
460 1655 617 1712 Εἷοᾱοηι
649 1672 767 1711 titulo
799 1670 875 1709 etsi
905 1670 1135 1722 complures
1165 1673 1409 1712 comicorum
1438 1673 1598 1714 fabulae
1625 1675 1691 1715 iu-‘

244 1748 420 1798 scriptae
453 1743 716 1789 ferebantur,
754 1740 928 1791 Turpilii
963 1744 1096 1779 tamen
1127 1741 1379 1781 Atalantam
1415 1745 1466 1784 ad
1494 1730 1686 1795 Alexidis,

243 1830 364 1869 quem
393 1813 511 1854 valde
540 1812 611 1850 ille
640 1809 859 1849 admiratus
890 1822 982 1849 esse
1012 1809 1190 1860 videtur,
1227 1812 1492 1854 imitationem
1522 1826 1686 1868 compo-

242 1888 360 1928 sitam
389 1883 518 1924 fuisse
547 1879 805 1921 crediderim.

744 2050 1176 2094 ΑΤΘΙΣ.

954 2166 987 2206 1.

460 2253 505 2297 ‘0
535 2253 701 2310 πρῶτος
729 2249 860 2296 εἰπών
889 2247 957 2294 ὅτι
987 2250 1199 2310 σοφιστὴς
1228 2251 1327 2294 οὐδὲ
1355 2249 1414 2304 «εἷς

461 2337 658 2394 ἔμψυχον
685 2335 811 2379 οὐδὲν
838 2334 997 2388 ἐσθίει,
1027 2334 1164 2392 σοφός
1189 2351 1253 2386 τις
1280 2329 1348 2388 ἦν.

461 2420 539 2475 ἐγώ
571 2421 653 2477 γάρ
682 2417 769 2473 ἥκω
800 2421 877 2462 νῦν
905 2418 1125 2477 ἀγοράσας
1153 2419 1251 2461 οὐδὲ
1281 2420 1326 2461 ἕν

462 2502 672 2560 ἔμψυχον.
731 2500 862 2560 ἰχθῦς
888 2501 1102 2560 ἐπριάμην
1132 2500 1398 2553 τεθνηκότας

408 2591 435 2631 5
463 2586 693 2642 μεγάλους·
723 2585 892 2645 κρεάδι’
921 2584 1049 2644 ἀρνός
1077 2587 1168 2628 ἐστι
1196 2585 1345 2636 πίονος

466 2667 517 2712 οὐ
541 2671 714 2722 ζῶντος·
744 2670 820 2727 οὐχ
849 2664 944 2713 οἷόν
971 2685 1015 2712 τε
1047 2667 1141 2727 γάρ.
1171 2669 1213 2712 τί
1242 2667 1369 2725 ἄλλος
1397 2669 1470 2713 καί
