1656 3146
266 165 350 208 704
872 168 1084 214 Anax-is.

266 275 453 330 vectigal,
483 275 557 316 sed
585 278 630 317 tu
658 275 817 318 tibimet
845 278 998 331 absque
1025 281 1232 334 impendio

266 350 477 400 praestare
505 345 548 385 id
575 346 720 398 possis.
776 351 891 388 recto
919 348 961 389 in
990 349 1153 392 incessu
1183 353 1260 393 sita
1288 356 1350 394 est

265 417 326 457 vis
355 427 501 468 magna
530 414 703 465 decoris,
732 416 918 469 voluptas
947 421 1260 471 aspectantibus,

263 487 371 527 vitae
398 488 694 525 ornamentum.
751 478 870 528 tanta*
890 487 980 539 quis
1007 501 1090 530 non
1119 491 1300 542 praemia

264 555 340 596 sibi
371 554 629 606 concupiscat
658 554 805 595 mentis
834 559 896 596 sat
923 568 1089 610 compos
1118 560 1249 600 suae?

942 639 1057 681 VIII.

261 721 423 763 Felices
451 720 590 760 vivere
620 724 782 773 oportet
813 721 940 762 nitide
968 735 1019 763 ac
1043 725 1268 777 splendide,

261 791 476 844 palamque
505 789 660 829 habere
693 802 797 841 quae
826 790 919 829 data
949 792 998 830 ab
1027 792 1335 834 immortalibus.

260 873 352 901 nam
383 859 452 911 qui
482 859 670 898 beneficii
700 863 763 898 est
791 864 946 909 auctor,
975 861 1085 901 hunc
1115 863 1182 914 qui
1211 864 1270 904 sic
1298 864 1394 916 agit,

260 929 401 981 utique
430 928 555 976 novit,
583 928 737 980 gratiae
766 929 905 968 nonnil
935 931 1013 970 sibi

259 999 413 1039 habere
443 997 585 1038 credit.
642 1001 683 1036 at
712 997 781 1048 qui
811 997 1065 1038 dissimulant
1093 999 1185 1039 data

260 1072 302 1108 et
329 1080 417 1107 rem
445 1065 693 1106 mediocrem
723 1066 974 1117 praeferunt,
1004 1071 1049 1107 ut
1078 1069 1285 1122 improbos

259 1137 522 1184 inficiatores,
552 1134 717 1175 nomina
747 1138 788 1174 et
817 1134 914 1175 fidei
943 1136 1087 1185 malae,

258 1206 422 1247 tandem
451 1204 657 1256 despoliat
690 1204 944 1245 commodata
974 1204 1105 1257 copia,

952 1292 1022 1333 XI.

257 1378 300 1419 Si
329 1376 538 1417 hominem
568 1378 742 1417 otiosum
773 1376 824 1415 dc
854 1375 920 1415 die
949 1388 1028 1415 non
1059 1376 1151 1428 plus
1181 1379 1308 1418 semel

255 1447 388 1487 cibum
418 1446 659 1498 capientem,
690 1450 767 1485 n'ec
796 1445 1072 1485 modulantem
1103 1447 1281 1489 carmina

254 1521 417 1570 poetam
447 1515 598 1564 videas,
627 1515 688 1554 illi
717 1514 928 1554 dimidium
957 1517 1054 1565 puta

254 1585 425 1638 periisse
453 1583 721 1632 fortunarum,
751 1587 791 1622 at
820 1582 916 1622 huic
945 1583 1043 1622 artis
1073 1595 1171 1624 suae

255 1654 490 1695 dimidium:
521 1657 563 1693 at
590 1654 731 1694 ambos
760 1664 884 1704 aegre
914 1652 1036 1692 vitam
1066 1653 1217 1694 vivere.

921 1741 1036 1781 XIII.

252 1827 382 1879 Quam
411 1825 558 1866 misera
587 1838 655 1866 res
683 1829 746 1866 est
775 1829 869 1865 ante
896 1837 1064 1865 coenam
1094 1824 1358 1865 accumbere!

250 1907 343 1935 nam
373 1906 578 1946 nunquam
607 1897 765 1935 interea
795 1906 964 1934 somnus
993 1894 1181 1945 cuiquam
1212 1893 1457 1946 obrepserit,

249 1976 326 2005 nec
356 1964 489 2016 siquid
518 1964 626 2004 dicat
654 1964 770 2012 alius,
800 1964 1014 2015 quicquam
1044 1962 1271 2015 intelligas3

248 2033 351 2074 adeo
382 2037 602 2085 occupatus
632 2033 789 2072 animus
817 2031 964 2084 patinis
992 2032 1190 2071 imminet.

921 2115 1031 2155 XVI.

246 2199 295 2239 A.
322 2197 559 2238 Humanum
589 2198 798 2251 ingenium
829 2198 922 2238 vino
954 2197 1091 2236 differt
1121 2199 1316 2239 maxime:

243 2279 419 2319 numque
448 2268 571 2308 homo
601 2281 820 2309 senescens
849 2269 938 2308 aliis
969 2267 1063 2308 odio
1093 2280 1139 2307 ac
1168 2269 1301 2309 taedio
1331 2273 1408 2318 est,

242 2339 284 2376 at
311 2339 453 2377 vetere
482 2337 576 2377 vino
607 2350 749 2378 omnes
777 2338 952 2378 libenter
981 2337 1145 2378 utimur.

242 2405 290 2445 Β.
324 2406 430 2456 Quia
458 2406 596 2447 vinum
625 2419 701 2448 nos
731 2406 942 2456 exhilarat,
972 2412 1014 2448 at
1042 2407 1203 2447 mordet
1231 2419 1366 2449 senes.

909 2495 1020 2536 XVI.

235 2576 368 2616 Nemo
398 2576 506 2618 inter
535 2590 677 2619 omnes
706 2578 955 2630 vinipotores
984 2579 1165 2619 malu’st:

233 2645 407 2686 bimater
437 2649 590 2689 etenim
621 2648 743 2688 Liber
770 2648 881 2688 hunc
908 2659 1065 2688 morem
1095 2648 1268 2698 obtinet,

233 2714 318 2755 odit
346 2715 546 2770 malignos
576 2721 619 2759 et
647 2719 754 2758 vitae
784 2729 947 2758 omnem
976 2717 1191 2758 inscitiam.
