1702 3158
221 152 305 194 ⁸12
797 146 1080 190 <Ariminus

225 262 271 303 1n
299 262 383 303 fine
412 261 500 302 eius
528 272 670 302 versus
698 259 767 312 qui
795 258 978 311 proxime
1001 256 1272 311 praecedebat
1298 255 1474 298 fortasse
1502 258 1668 299 verbnm

223 326 539 382 ἔμπεταννύναι
569 334 689 382 poeta
717 332 921 381 posuerat.
951 328 1140 368 Socrates
1168 327 1352 367 Rhodius
1381 328 1489 379 apud
1519 329 1669 370 Athen.

225 400 281 441 lv
311 413 351 452 p.
383 400 463 440 147
478 399 519 439 f:
558 397 602 437 οἱ
635 396 770 450 τοῖχοι
808 390 1058 450 διαχρύσοις
1094 393 1465 449 ἐμπεπετασμένοι
1501 389 1669 449 ὕφεσιν.

228 469 357 511 vs.3.
387 468 634 520 Hesychius,
664 464 867 516 Μίνδαξε
901 461 1114 518 θυμίαμα
1142 462 1283 507 ποιόν.
1312 491 1367 499 --
1403 467 1474 509 Vs.
1505 467 1532 506 4
1559 467 1673 520 lege-

231 538 353 579 batur
383 535 573 576 δέσποτα
603 531 673 586 δή.
728 536 915 579 Correxit
945 535 1166 576 Porsenna.

714 695 1182 741 ΟΥΡΑΝΟΣ.

952 792 1034 848 ,Εἰς
1057 794 1138 846 τὴν
1166 794 1350 853 ἑσπέραν

445 879 783 939 χορταζόμεσθα
812 879 947 923 πᾶσιν.
959 911 963 921 2
974 878 1180 933 ἀγαθοῖς.

340 974 665 1014 AthenaeusJu
694 988 735 1027 p.
765 973 847 1012 100
864 972 905 1011 b.
945 972 998 1012 de
1037 984 1113 1012 usu
1152 970 1266 1012 verbi
1298 964 1518 1024 χορτάζειν
1547 971 1676 1012 disse-

230 1055 346 1083 rens:
383 1042 458 1080 καὶ
485 1038 660 1095 ”Αμφις
700 1041 746 1081 ἐν
784 1036 960 1093 Οὐρανῷ
997 1034 1074 1086 Εἰς
1109 1036 1191 1089 τὴν
1225 1037 1313 1079 κτλ.
1377 1041 1509 1081 Versu
1548 1042 1677 1081 altero

231 1112 326 1150 libri
363 1106 672 1164 χορταζόμενα.
741 1109 926 1151 Correxit
955 1110 1182 1158 Personas,
1225 1110 1294 1161 qui
1323 1113 1535 1161 praeterea
1575 1109 1679 1149 haec

231 1182 519 1233 proponebat:
554 1176 840 1234 χορτάζομενΙ
871 1170 1036 1218 ἅπασιν
1077 1173 1281 1229 ἀγαθοῖς.
1358 1178 1439 1218 Th.
1480 1179 1680 1231 Bergkius

233 1250 461 1290 Commeat.
492 1264 533 1304 p.
563 1251 666 1291 1572
687 1243 977 1303 χορτάζομαιΙ
1005 1245 1051 1287 ἐν
1079 1239 1246 1288 ἅπασιν
1275 1242 1480 1299 ἀγαθοῖς.

825 1431 1098 1475 ΠΑΝ.

482 1539 655 1592 Ἀτελές
683 1542 729 1597 γε’
759 1542 934 1584 δεῖπνον
963 1539 1015 1583 οὗ
1045 1540 1161 1584 ποιεῖ
1184 1539 1433 1596 παροινίαν.

348 1644 585 1685 Athenaeus
611 1643 650 1684 X
678 1658 717 1697 p.
746 1646 826 1686 421
844 1660 890 1686 a:
927 1640 1092 1685 τούτων
1122 1641 1366 1696 λεχθέντων
1395 1637 1479 1694 ἔφη
1508 1653 1572 1687 τις
1598 1635 1685 1678 τῶν

239 1708 491 1766 παρόντων,
532 1711 839 1766 Παραιτητέον
877 1710 936 1762 εἷς
975 1710 1099 1754 ταῦτ’
1139 1710 1469 1764 ἀποβλέποντας
1504 1706 1596 1749 ἔστι
1632 1705 1683 1748 τὸ

234 1778 433 1859 ,γαστρίζει
417 1780 574 1821 Ἡσθαι
610 1779 752 1830 ἀτελὲς
787 1780 868 1835 γὰρ
898 1782 1074 1822 δεῖπνον
1113 1778 1165 1821 οὐ
1203 1781 1320 1820 ποιεῖ
1342 1776 1595 1833 παροινίαν,
1627 1793 1686 1826 ως

234 1845 412 1902 ”Αμιμς
443 1850 581 1903 ᾳησὶν
609 1849 654 1890 ἐν
685 1849 821 1892 Πανί.
856 1854 896 1903 *)
955 1853 1001 1892 ln
1031 1853 1095 1891 his
1124 1864 1197 1904 pro
1225 1846 1317 1903 γάρ,
1349 1851 1457 1903 quod
1487 1850 1687 1891 Athenaei

243 1924 318 1968 est,
350 1921 491 1972 scripsi
518 1933 577 1971 γε.
636 1922 717 1961 Pro
747 1916 911 1971 ἀτελές,
938 1922 1048 1973 quod
1077 1921 1216 1972 recepi
1245 1934 1293 1960 ex
1322 1921 1485 1969 ABGP,
1525 1914 1687 1965 εὐτελὲς

243 1989 395 2029 habent
428 1991 498 2031 VL
541 1994 582 2030 et
612 1991 646 2030 C
673 1991 782 2030 inter
820 2004 974 2031 versus.
1045 1992 1106 2030 De
1152 1986 1294 2036 ἀτελὲς
1322 1990 1364 2030 h.
1396 2003 1432 2029 e.
1461 2003 1543 2029 non
1578 2003 1686 2028 sum-

239 2064 453 2111 ptuosum,
483 2060 577 2100 vide
606 2060 768 2102 Aelium
799 2060 1034 2111 Dionysium
1065 2060 1173 2112 apud
1202 2060 1388 2101 Eustath.
1417 2073 1457 2113 p.
1483 2061 1562 2099 881
1594 2061 1661 2100 26.

689 2223 744 2264 Π
795 2225 842 2266 Λ
893 2225 939 2265 A
993 2224 1038 2265 Ν
1100 2222 1134 2265 O
1191 2225 1245 2269 Σ.

954 2310 986 2350 Ι.

356 2387 478 2443 Πρὸς
506 2384 606 2435 τοὺς
634 2386 901 2444 στρατηγοὺς
928 2388 1037 2450 ῥᾷόν
1067 2390 1156 2432 ἐστι
1185 2386 1359 2445 μυρίαις

355 2468 528 2524 μοίραις
556 2470 851 2527 προσελθόντ’
883 2472 1133 2525 ἀξιωθῆναι
1161 2470 1302 2526 λόγου,

357 2553 507 2606 λαβεῖν
535 2553 576 2595 τ’
607 2552 839 2611 ἀπόκρισιν
866 2549 928 2597 ὦν
957 2553 1011 2597 ἂν
1039 2554 1232 2612 ἐπερωτᾷ
1261 2570 1336 2607 τις,
1365 2552 1395 2605 ἦ

336 2697 367 2740 ‘J
392 2697 534 2733 Grotius
559 2702 644 2735 Exc.
672 2713 703 2746 p.
728 2701 796 2737 521
824 2703 859 2735 ἐν
881 2700 1019 2744 Πλάνῳ.
