<?xml version="1.0" encoding="UTF-8"?>
<!DOCTYPE html PUBLIC "-//W3C//DTD XHTML 1.0 Transitional//EN"
    "http://www.w3.org/TR/xhtml1/DTD/xhtml1-transitional.dtd">
<html xmlns="http://www.w3.org/1999/xhtml" xml:lang="en" lang="en">
 <head>
  <title>
</title>
<meta http-equiv="Content-Type" content="text/html;charset=utf-8" />
  <meta name='ocr-system' content='tesseract 3.04.00' />
  <meta name='ocr-capabilities' content='ocr_page ocr_carea ocr_par ocr_line ocrx_word'/>
</head>
<body>
  <div class='ocr_page' id='page_1' title='image "./fragmentacomicor03meinuoft_0665.png"; bbox 0 0 1702 3158; ppageno 0'>
   <div class='ocr_carea' id='block_1_1' title="bbox 567 140 944 186">
    <p class='ocr_par' dir='ltr' id='par_1_1' title="bbox 567 140 944 186">
     <span class='ocr_line' id='line_1_1' title="bbox 567 140 944 186; baseline -0.005 0"><span class='ocrx_word' id='word_1_1' title='bbox 567 140 944 186; x_wconf 74' lang='lat' dir='ltr'><strong>ANTIPHANES.</strong></span> 
     </span>
    </p>
   </div>
   <div class='ocr_carea' id='block_1_2' title="bbox 0 258 1142 601">
    <p class='ocr_par' dir='ltr' id='par_1_2' title="bbox 18 258 912 310">
     <span class='ocr_line' id='line_1_2' title="bbox 18 258 912 310; baseline -0.003 -9"><span class='ocrx_word' id='word_1_2' title='bbox 18 260 60 301; x_wconf 88' lang='lat' dir='ltr'><strong>iu</strong></span> <span class='ocrx_word' id='word_1_3' title='bbox 93 258 287 300; x_wconf 78' lang='lat' dir='ltr'><strong>auctione</strong></span> <span class='ocrx_word' id='word_1_4' title='bbox 316 260 505 300; x_wconf 86' lang='lat' dir='ltr'><strong>inventos</strong></span> <span class='ocrx_word' id='word_1_5' title='bbox 535 258 604 310; x_wconf 86' lang='lat' dir='ltr'><strong>qui</strong></span> <span class='ocrx_word' id='word_1_6' title='bbox 635 269 711 298; x_wconf 89' lang='lat' dir='ltr'><strong>nos</strong></span> <span class='ocrx_word' id='word_1_7' title='bbox 741 261 912 308; x_wconf 82' lang='lat' dir='ltr'><strong>emerat,</strong></span> 
     </span>
    </p>

    <p class='ocr_par' dir='ltr' id='par_1_3' title="bbox 0 328 995 525">
     <span class='ocr_line' id='line_1_3' title="bbox 18 328 989 385; baseline -0.003 -13"><span class='ocrx_word' id='word_1_8' title='bbox 18 331 69 372; x_wconf 86' lang='lat' dir='ltr'><strong>ad</strong></span> <span class='ocrx_word' id='word_1_9' title='bbox 99 331 279 372; x_wconf 75' lang='lat' dir='ltr'><strong>malitiae</strong></span> <span class='ocrx_word' id='word_1_10' title='bbox 308 342 439 385; x_wconf 79' lang='lat' dir='ltr'><strong>genus</strong></span> <span class='ocrx_word' id='word_1_11' title='bbox 469 341 590 370; x_wconf 92' lang='lat' dir='ltr'><strong>omne</strong></span> <span class='ocrx_word' id='word_1_12' title='bbox 621 328 989 382; x_wconf 85' lang='lat' dir='ltr'><strong>inexsuperabilis:</strong></span> 
     </span>
     <span class='ocr_line' id='line_1_4' title="bbox 0 395 995 456; baseline -0.003 -14"><span class='ocrx_word' id='word_1_13' title='bbox 0 395 236 456; x_wconf 65' lang='lat' dir='ltr'><strong>{praeterea</strong></span> <span class='ocrx_word' id='word_1_14' title='bbox 265 401 371 451; x_wconf 88' lang='lat' dir='ltr'><strong>talis,</strong></span> <span class='ocrx_word' id='word_1_15' title='bbox 402 404 446 441; x_wconf 85' lang='lat' dir='ltr'><strong>ut</strong></span> <span class='ocrx_word' id='word_1_16' title='bbox 475 411 617 440; x_wconf 88' lang='lat' dir='ltr'><strong>earum</strong></span> <span class='ocrx_word' id='word_1_17' title='bbox 647 411 788 439; x_wconf 85' lang='lat' dir='ltr'><strong>rerum</strong></span> <span class='ocrx_word' id='word_1_18' title='bbox 818 412 995 452; x_wconf 88' lang='lat' dir='ltr'><strong>quoque,</strong></span> 
     </span>
     <span class='ocr_line' id='line_1_5' title="bbox 0 462 898 525; baseline -0.004 -12"><span class='ocrx_word' id='word_1_19' title='bbox 0 462 162 523; x_wconf 57' lang='lat' dir='ltr'><strong>lbeatus</strong></span> <span class='ocrx_word' id='word_1_20' title='bbox 189 485 289 525; x_wconf 88' lang='lat' dir='ltr'><strong>quas</strong></span> <span class='ocrx_word' id='word_1_21' title='bbox 319 471 574 525; x_wconf 83' lang='lat' dir='ltr'><strong>Pythagoras</strong></span> <span class='ocrx_word' id='word_1_22' title='bbox 604 469 776 511; x_wconf 84' lang='lat' dir='ltr'><strong>indulsit</strong></span> <span class='ocrx_word' id='word_1_23' title='bbox 805 470 898 520; x_wconf 89' lang='lat' dir='ltr'><strong>sibi,</strong></span> 
     </span>
    </p>

    <p class='ocr_par' dir='ltr' id='par_1_4' title="bbox 10 534 1142 601">
     <span class='ocr_line' id='line_1_6' title="bbox 10 534 1142 601; baseline -0.003 -17"><span class='ocrx_word' id='word_1_24' title='bbox 10 534 183 601; x_wconf 45' lang='lat' dir='ltr'><strong>⁴{pi-aeter</strong></span> <span class='ocrx_word' id='word_1_25' title='bbox 213 543 400 595; x_wconf 84' lang='lat' dir='ltr'><strong>thymum</strong></span> <span class='ocrx_word' id='word_1_26' title='bbox 429 541 533 582; x_wconf 86' lang='lat' dir='ltr'>nihil</span> <span class='ocrx_word' id='word_1_27' title='bbox 562 541 604 582; x_wconf 91' lang='lat' dir='ltr'><strong>in</strong></span> <span class='ocrx_word' id='word_1_28' title='bbox 634 541 800 582; x_wconf 90' lang='lat' dir='ltr'><strong>domum</strong></span> <span class='ocrx_word' id='word_1_29' title='bbox 830 539 1142 581; x_wconf 81' lang='lat' dir='ltr'><strong>intromitteret.</strong></span> 
     </span>
    </p>
   </div>
   <div class='ocr_carea' id='block_1_3' title="bbox 0 0 13 460">
    <p class='ocr_par' dir='ltr' id='par_1_5' title="bbox 0 0 13 460">
     <span class='ocr_line' id='line_1_7' title="bbox 0 0 13 460; baseline 0 2698"><span class='ocrx_word' id='word_1_30' title='bbox 0 0 13 460; x_wconf 95' lang='lat' dir='ltr'><strong> </strong></span> 
     </span>
    </p>
   </div>
   <div class='ocr_carea' id='block_1_4' title="bbox 621 625 881 633">
    <p class='ocr_par' dir='ltr' id='par_1_6' title="bbox 621 625 881 633">
     <span class='ocr_line' id='line_1_8' title="bbox 621 625 881 633; baseline 0 2525"><span class='ocrx_word' id='word_1_31' title='bbox 621 625 881 633; x_wconf 95' lang='lat' dir='ltr'><strong> </strong></span> 
     </span>
    </p>
   </div>
   <div class='ocr_carea' id='block_1_5' title="bbox 302 673 1212 719">
    <p class='ocr_par' dir='ltr' id='par_1_7' title="bbox 302 673 1212 719">
     <span class='ocr_line' id='line_1_9' title="bbox 302 673 1212 719; baseline 0.002 -3"><span class='ocrx_word' id='word_1_32' title='bbox 302 673 1212 719; x_wconf 78' lang='lat' dir='ltr'><em>HAPEKAIAOMENH.</em></span> 
     </span>
    </p>
   </div>
   <div class='ocr_carea' id='block_1_6' title="bbox 0 761 1053 1186">
    <p class='ocr_par' dir='ltr' id='par_1_8' title="bbox 0 761 1047 1028">
     <span class='ocr_line' id='line_1_10' title="bbox 13 761 1047 819; baseline 0.004 -19"><span class='ocrx_word' id='word_1_33' title='bbox 13 761 140 819; x_wconf 50' lang='lat' dir='ltr'><strong>{Illum</strong></span> <span class='ocrx_word' id='word_1_34' title='bbox 169 762 307 814; x_wconf 86' lang='lat' dir='ltr'><strong>ipsum</strong></span> <span class='ocrx_word' id='word_1_35' title='bbox 335 762 492 814; x_wconf 87' lang='lat' dir='ltr'><strong>liquido</strong></span> <span class='ocrx_word' id='word_1_36' title='bbox 524 763 638 804; x_wconf 88' lang='lat' dir='ltr'><strong>vobis</strong></span> <span class='ocrx_word' id='word_1_37' title='bbox 669 776 747 817; x_wconf 83' lang='lat' dir='ltr'><strong>ego</strong></span> <span class='ocrx_word' id='word_1_38' title='bbox 777 764 869 804; x_wconf 88' lang='lat' dir='ltr'><strong>iuro</strong></span> <span class='ocrx_word' id='word_1_39' title='bbox 900 764 1047 815; x_wconf 86' lang='lat' dir='ltr'><strong>Deum,</strong></span> 
     </span>
     <span class='ocr_line' id='line_1_11' title="bbox 13 821 942 883; baseline 0.002 -12"><span class='ocrx_word' id='word_1_40' title='bbox 13 821 134 882; x_wconf 48' lang='lat' dir='ltr'><strong>⁸leuius</strong></span> <span class='ocrx_word' id='word_1_41' title='bbox 163 832 272 883; x_wconf 87' lang='lat' dir='ltr'><strong>quod</strong></span> <span class='ocrx_word' id='word_1_42' title='bbox 302 833 553 874; x_wconf 87' lang='lat' dir='ltr'><strong>inebriamur</strong></span> <span class='ocrx_word' id='word_1_43' title='bbox 583 837 648 875; x_wconf 89' lang='lat' dir='ltr'><strong>est</strong></span> <span class='ocrx_word' id='word_1_44' title='bbox 679 835 942 883; x_wconf 84' lang='lat' dir='ltr'><strong>beneficium,</strong></span> 
     </span>
     <span class='ocr_line' id='line_1_12' title="bbox 0 884 1020 963; baseline 0.002 -23"><span class='ocrx_word' id='word_1_45' title='bbox 0 884 120 963; x_wconf 54' lang='lat' dir='ltr'><strong>l&gt;{lianc</strong></span> <span class='ocrx_word' id='word_1_46' title='bbox 149 915 215 942; x_wconf 90' lang='lat' dir='ltr'><strong>me</strong></span> <span class='ocrx_word' id='word_1_47' title='bbox 245 902 470 943; x_wconf 89' lang='lat' dir='ltr'><strong>electurum</strong></span> <span class='ocrx_word' id='word_1_48' title='bbox 501 904 637 954; x_wconf 86' lang='lat' dir='ltr'><strong>vitam,</strong></span> <span class='ocrx_word' id='word_1_49' title='bbox 670 904 792 944; x_wconf 87' lang='lat' dir='ltr'><strong>detur</strong></span> <span class='ocrx_word' id='word_1_50' title='bbox 822 904 857 944; x_wconf 84' lang='lat' dir='ltr'><strong>si</strong></span> <span class='ocrx_word' id='word_1_51' title='bbox 889 904 1020 957; x_wconf 90' lang='lat' dir='ltr'><strong>optio,</strong></span> 
     </span>
     <span class='ocr_line' id='line_1_13' title="bbox 14 966 835 1028; baseline 0.005 -17"><span class='ocrx_word' id='word_1_52' title='bbox 14 966 79 1017; x_wconf 75' lang='lat' dir='ltr'><strong>{vel</strong></span> <span class='ocrx_word' id='word_1_53' title='bbox 109 985 208 1024; x_wconf 89' lang='lat' dir='ltr'><strong>prae</strong></span> <span class='ocrx_word' id='word_1_54' title='bbox 236 973 402 1014; x_wconf 85' lang='lat' dir='ltr'><strong>Seleuci</strong></span> <span class='ocrx_word' id='word_1_55' title='bbox 432 975 543 1028; x_wconf 81' lang='lat' dir='ltr'><strong>regis</strong></span> <span class='ocrx_word' id='word_1_56' title='bbox 575 975 835 1015; x_wconf 84' lang='lat' dir='ltr'><strong>excellentia.</strong></span> 
     </span>
    </p>

    <p class='ocr_par' dir='ltr' id='par_1_9' title="bbox 15 1027 1053 1186">
     <span class='ocr_line' id='line_1_14' title="bbox 15 1027 1053 1092; baseline 0.004 -10"><span class='ocrx_word' id='word_1_57' title='bbox 15 1027 186 1083; x_wconf 58' lang='lat' dir='ltr'><strong>{sorbere</strong></span> <span class='ocrx_word' id='word_1_58' title='bbox 215 1043 370 1084; x_wconf 86' lang='lat' dir='ltr'><strong>lentem</strong></span> <span class='ocrx_word' id='word_1_59' title='bbox 398 1057 535 1092; x_wconf 87' lang='lat' dir='ltr'><strong>suave,</strong></span> <span class='ocrx_word' id='word_1_60' title='bbox 568 1049 726 1086; x_wconf 88' lang='lat' dir='ltr'><strong>tantum</strong></span> <span class='ocrx_word' id='word_1_61' title='bbox 756 1045 864 1084; x_wconf 85' lang='lat' dir='ltr'><strong>absit</strong></span> <span class='ocrx_word' id='word_1_62' title='bbox 895 1048 1053 1086; x_wconf 85' lang='lat' dir='ltr'><strong>metus:</strong></span> 
     </span>
     <span class='ocr_line' id='line_1_15' title="bbox 15 1113 1000 1186; baseline 0.003 -33"><span class='ocrx_word' id='word_1_63' title='bbox 15 1113 212 1186; x_wconf 46' lang='lat' dir='ltr'><strong>{miserum</strong></span> <span class='ocrx_word' id='word_1_64' title='bbox 242 1114 394 1155; x_wconf 90' lang='lat' dir='ltr'><strong>cubare</strong></span> <span class='ocrx_word' id='word_1_65' title='bbox 424 1115 619 1166; x_wconf 83' lang='lat' dir='ltr'><strong>molliter,</strong></span> <span class='ocrx_word' id='word_1_66' title='bbox 649 1117 684 1156; x_wconf 88' lang='lat' dir='ltr'><strong>si</strong></span> <span class='ocrx_word' id='word_1_67' title='bbox 714 1115 822 1156; x_wconf 89' lang='lat' dir='ltr'><strong>adsit</strong></span> <span class='ocrx_word' id='word_1_68' title='bbox 850 1120 1000 1156; x_wconf 88' lang='lat' dir='ltr'><strong>metus.</strong></span> 
     </span>
    </p>
   </div>
   <div class='ocr_carea' id='block_1_7' title="bbox 620 1201 874 1207">
    <p class='ocr_par' dir='ltr' id='par_1_10' title="bbox 620 1201 874 1207">
     <span class='ocr_line' id='line_1_16' title="bbox 620 1201 874 1207; baseline 0 0"><span class='ocrx_word' id='word_1_69' title='bbox 620 1201 874 1207; x_wconf 95' lang='lat' dir='ltr'><strong> </strong></span> 
     </span>
    </p>
   </div>
   <div class='ocr_carea' id='block_1_8' title="bbox 4 1248 1215 2789">
    <p class='ocr_par' dir='ltr' id='par_1_11' title="bbox 4 1248 1215 2789">
     <span class='ocr_line' id='line_1_17' title="bbox 500 1248 1023 1293; baseline 0.004 -3"><span class='ocrx_word' id='word_1_70' title='bbox 500 1249 551 1290; x_wconf 89' lang='lat'><strong>11</strong></span> <span class='ocrx_word' id='word_1_71' title='bbox 578 1250 626 1292; x_wconf 85' lang='lat' dir='ltr'><em>A</em></span> <span class='ocrx_word' id='word_1_72' title='bbox 656 1248 691 1291; x_wconf 83' lang='lat'><em>0</em></span> <span class='ocrx_word' id='word_1_73' title='bbox 730 1250 768 1291; x_wconf 89' lang='lat' dir='ltr'><em>Y</em></span> <span class='ocrx_word' id='word_1_74' title='bbox 792 1250 836 1291; x_wconf 93' lang='grc' dir='ltr'><em>Σ</em></span> <span class='ocrx_word' id='word_1_75' title='bbox 861 1249 885 1290; x_wconf 93' lang='grc'><em>1</em></span> <span class='ocrx_word' id='word_1_76' title='bbox 921 1248 956 1290; x_wconf 85' lang='grc' dir='ltr'><em>Ο</em></span> <span class='ocrx_word' id='word_1_77' title='bbox 987 1250 1023 1293; x_wconf 88' lang='grc' dir='ltr'><strong>Ι.</strong></span> 
     </span>
     <span class='ocr_line' id='line_1_18' title="bbox 20 1322 837 1375; baseline 0.001 -13"><span class='ocrx_word' id='word_1_78' title='bbox 20 1364 22 1374; x_wconf 67' lang='lat'><em>,</em></span> <span class='ocrx_word' id='word_1_79' title='bbox 435 1322 657 1375; x_wconf 83' lang='lat' dir='ltr'><strong>Euthynus</strong></span> <span class='ocrx_word' id='word_1_80' title='bbox 688 1322 837 1372; x_wconf 87' lang='lat' dir='ltr'><strong>nitens,</strong></span> 
     </span>
     <span class='ocr_line' id='line_1_19' title="bbox 20 1389 1140 1446; baseline 0.004 -15"><span class='ocrx_word' id='word_1_81' title='bbox 20 1394 229 1444; x_wconf 63' lang='lat' dir='ltr'><strong>{unguenta</strong></span> <span class='ocrx_word' id='word_1_82' title='bbox 257 1389 450 1436; x_wconf 79' lang='lat' dir='ltr'><strong>redolens</strong></span> <span class='ocrx_word' id='word_1_83' title='bbox 481 1405 572 1433; x_wconf 90' lang='lat' dir='ltr'><strong>cum</strong></span> <span class='ocrx_word' id='word_1_84' title='bbox 605 1393 789 1434; x_wconf 82' lang='lat' dir='ltr'><strong>sandalio</strong></span> <span class='ocrx_word' id='word_1_85' title='bbox 820 1397 945 1446; x_wconf 84' lang='lat' dir='ltr'><strong>atque</strong></span> <span class='ocrx_word' id='word_1_86' title='bbox 974 1394 1140 1445; x_wconf 88' lang='lat' dir='ltr'><strong>annulo,</strong></span> 
     </span>
     <span class='ocr_line' id='line_1_20' title="bbox 21 1449 988 1522; baseline 0.004 -20"><span class='ocrx_word' id='word_1_87' title='bbox 21 1449 159 1522; x_wconf 66' lang='lat' dir='ltr'><strong>{nescio</strong></span> <span class='ocrx_word' id='word_1_88' title='bbox 190 1461 287 1513; x_wconf 91' lang='lat' dir='ltr'><strong>quid</strong></span> <span class='ocrx_word' id='word_1_89' title='bbox 317 1473 459 1503; x_wconf 88' lang='lat' dir='ltr'><strong>secum</strong></span> <span class='ocrx_word' id='word_1_90' title='bbox 489 1465 730 1505; x_wconf 71' lang='lat' dir='ltr'><strong>mussitabat</strong></span> <span class='ocrx_word' id='word_1_91' title='bbox 759 1465 988 1518; x_wconf 80' lang='lat' dir='ltr'><strong>deputans:</strong></span> 
     </span>
     <span class='ocr_line' id='line_1_21' title="bbox 21 1523 857 1588; baseline 0.007 -17"><span class='ocrx_word' id='word_1_92' title='bbox 21 1523 64 1588; x_wconf 60' lang='lat' dir='ltr'><strong>{at</strong></span> <span class='ocrx_word' id='word_1_93' title='bbox 92 1531 276 1572; x_wconf 79' lang='lat' dir='ltr'><strong>Taureos</strong></span> <span class='ocrx_word' id='word_1_94' title='bbox 307 1533 462 1575; x_wconf 89' lang='lat' dir='ltr'><strong>amicus</strong></span> <span class='ocrx_word' id='word_1_95' title='bbox 493 1539 535 1575; x_wconf 87' lang='lat' dir='ltr'><strong>et</strong></span> <span class='ocrx_word' id='word_1_96' title='bbox 565 1535 857 1585; x_wconf 89' lang='lat' dir='ltr'><strong>Phoenicides,</strong></span> 
     </span>
     <span class='ocr_line' id='line_1_22' title="bbox 4 1595 987 1661; baseline 0.009 -21"><span class='ocrx_word' id='word_1_97' title='bbox 4 1595 126 1652; x_wconf 33' lang='lat' dir='ltr'><strong>{itanti</strong></span> <span class='ocrx_word' id='word_1_98' title='bbox 153 1602 253 1644; x_wconf 88' lang='lat' dir='ltr'><strong>inde</strong></span> <span class='ocrx_word' id='word_1_99' title='bbox 282 1605 331 1644; x_wconf 84' lang='lat' dir='ltr'><strong>ab</strong></span> <span class='ocrx_word' id='word_1_100' title='bbox 361 1606 529 1659; x_wconf 87' lang='lat' dir='ltr'><strong>antiquo</strong></span> <span class='ocrx_word' id='word_1_101' title='bbox 560 1606 780 1648; x_wconf 83' lang='lat' dir='ltr'><strong>helluones</strong></span> <span class='ocrx_word' id='word_1_102' title='bbox 811 1609 987 1661; x_wconf 82' lang='lat' dir='ltr'><strong>piscium</strong></span> 
     </span>
     <span class='ocr_line' id='line_1_23' title="bbox 23 1668 941 1731; baseline 0.011 -21"><span class='ocrx_word' id='word_1_103' title='bbox 23 1668 253 1731; x_wconf 57' lang='lat' dir='ltr'><strong>[fragmenta</strong></span> <span class='ocrx_word' id='word_1_104' title='bbox 281 1679 326 1714; x_wconf 92' lang='lat' dir='ltr'><strong>ut</strong></span> <span class='ocrx_word' id='word_1_105' title='bbox 354 1675 445 1729; x_wconf 87' lang='lat' dir='ltr'><strong>ipso</strong></span> <span class='ocrx_word' id='word_1_106' title='bbox 476 1677 729 1731; x_wconf 87' lang='lat' dir='ltr'><strong>deglutirent</strong></span> <span class='ocrx_word' id='word_1_107' title='bbox 759 1679 801 1720; x_wconf 90' lang='lat' dir='ltr'><strong>in</strong></span> <span class='ocrx_word' id='word_1_108' title='bbox 833 1678 941 1729; x_wconf 80' lang='lat' dir='ltr'><strong>foro,</strong></span> 
     </span>
     <span class='ocr_line' id='line_1_24' title="bbox 24 1737 1023 1800; baseline 0.009 -18"><span class='ocrx_word' id='word_1_109' title='bbox 24 1737 78 1800; x_wconf 56' lang='lat' dir='ltr'><strong>lad</strong></span> <span class='ocrx_word' id='word_1_110' title='bbox 105 1742 186 1783; x_wconf 90' lang='lat' dir='ltr'><strong>hoc</strong></span> <span class='ocrx_word' id='word_1_111' title='bbox 213 1747 459 1796; x_wconf 80' lang='lat' dir='ltr'><strong>spectaclum</strong></span> <span class='ocrx_word' id='word_1_112' title='bbox 487 1751 650 1789; x_wconf 85' lang='lat' dir='ltr'><strong>stabant</strong></span> <span class='ocrx_word' id='word_1_113' title='bbox 680 1751 795 1791; x_wconf 85' lang='lat' dir='ltr'><strong>velut</strong></span> <span class='ocrx_word' id='word_1_114' title='bbox 825 1751 1023 1800; x_wconf 86' lang='lat' dir='ltr'><strong>emortui,</strong></span> 
     </span>
     <span class='ocr_line' id='line_1_25' title="bbox 25 1807 954 1871; baseline 0.005 -16"><span class='ocrx_word' id='word_1_115' title='bbox 25 1807 284 1866; x_wconf 69' lang='lat' dir='ltr'><strong>rgmviterque</strong></span> <span class='ocrx_word' id='word_1_116' title='bbox 309 1814 491 1857; x_wconf 87' lang='lat' dir='ltr'><strong>ferentes</strong></span> <span class='ocrx_word' id='word_1_117' title='bbox 519 1819 761 1871; x_wconf 85' lang='lat' dir='ltr'><strong>parcitatem</strong></span> <span class='ocrx_word' id='word_1_118' title='bbox 793 1820 954 1860; x_wconf 89' lang='lat' dir='ltr'><strong>obsonii</strong></span> 
     </span>
     <span class='ocr_line' id='line_1_26' title="bbox 10 1858 870 1942; baseline 0.01 -19"><span class='ocrx_word' id='word_1_119' title='bbox 10 1858 246 1942; x_wconf 47' lang='lat' dir='ltr'><strong>&#39;iimplebant</strong></span> <span class='ocrx_word' id='word_1_120' title='bbox 271 1885 385 1927; x_wconf 84' lang='lat' dir='ltr'><strong>hisce</strong></span> <span class='ocrx_word' id='word_1_121' title='bbox 415 1888 589 1930; x_wconf 90' lang='lat' dir='ltr'><strong>circulos</strong></span> <span class='ocrx_word' id='word_1_122' title='bbox 621 1891 870 1932; x_wconf 86' lang='lat' dir='ltr'><strong>rumoribus.</strong></span> 
     </span>
     <span class='ocr_line' id='line_1_27' title="bbox 12 1943 933 2010; baseline 0.007 -15"><span class='ocrx_word' id='word_1_123' title='bbox 12 1943 143 2007; x_wconf 51' lang='lat' dir='ltr'><strong>huam</strong></span> <span class='ocrx_word' id='word_1_124' title='bbox 172 1955 251 1997; x_wconf 83' lang='lat' dir='ltr'><strong>vita</strong></span> <span class='ocrx_word' id='word_1_125' title='bbox 280 1969 363 1998; x_wconf 86' lang='lat' dir='ltr'><strong>non</strong></span> <span class='ocrx_word' id='word_1_126' title='bbox 393 1958 538 2010; x_wconf 81' lang='lat' dir='ltr'><strong>vitalis,</strong></span> <span class='ocrx_word' id='word_1_127' title='bbox 568 1974 646 2003; x_wconf 90' lang='lat' dir='ltr'><strong>ncc</strong></span> <span class='ocrx_word' id='word_1_128' title='bbox 676 1962 933 2003; x_wconf 84' lang='lat' dir='ltr'><strong>tolerabilis!</strong></span> 
     </span>
     <span class='ocr_line' id='line_1_28' title="bbox 27 2014 1074 2083; baseline 0.008 -19"><span class='ocrx_word' id='word_1_129' title='bbox 27 2014 121 2082; x_wconf 53' lang='lat' dir='ltr'><strong>{sunt</strong></span> <span class='ocrx_word' id='word_1_130' title='bbox 148 2038 246 2080; x_wconf 83' lang='lat' dir='ltr'><strong>ergo</strong></span> <span class='ocrx_word' id='word_1_131' title='bbox 277 2042 327 2070; x_wconf 85' lang='lat' dir='ltr'><strong>ex</strong></span> <span class='ocrx_word' id='word_1_132' title='bbox 353 2030 469 2070; x_wconf 88' lang='lat' dir='ltr'><strong>vobis</strong></span> <span class='ocrx_word' id='word_1_133' title='bbox 500 2032 570 2083; x_wconf 89' lang='lat' dir='ltr'><strong>qui</strong></span> <span class='ocrx_word' id='word_1_134' title='bbox 599 2033 725 2072; x_wconf 86' lang='lat' dir='ltr'><strong>maris</strong></span> <span class='ocrx_word' id='word_1_135' title='bbox 755 2034 834 2074; x_wconf 85' lang='lat' dir='ltr'><strong>sibi</strong></span> <span class='ocrx_word' id='word_1_136' title='bbox 863 2032 1074 2073; x_wconf 89' lang='lat' dir='ltr'><strong>vindicant</strong></span> 
     </span>
     <span class='ocr_line' id='line_1_29' title="bbox 28 2097 1215 2156; baseline 0.009 -23"><span class='ocrx_word' id='word_1_137' title='bbox 28 2097 180 2151; x_wconf 60' lang='lat' dir='ltr'><strong>{cui-am,</strong></span> <span class='ocrx_word' id='word_1_138' title='bbox 208 2101 329 2150; x_wconf 85' lang='lat' dir='ltr'><strong>atque</strong></span> <span class='ocrx_word' id='word_1_139' title='bbox 358 2101 570 2142; x_wconf 88' lang='lat' dir='ltr'><strong>insumunt</strong></span> <span class='ocrx_word' id='word_1_140' title='bbox 599 2104 775 2144; x_wconf 90' lang='lat' dir='ltr'><strong>multum</strong></span> <span class='ocrx_word' id='word_1_141' title='bbox 805 2105 847 2144; x_wconf 89' lang='lat' dir='ltr'><strong>in</strong></span> <span class='ocrx_word' id='word_1_142' title='bbox 878 2117 970 2143; x_wconf 81' lang='lat' dir='ltr'><strong>eam</strong></span> <span class='ocrx_word' id='word_1_143' title='bbox 1001 2104 1215 2156; x_wconf 83' lang='lat' dir='ltr'><strong>pecuniae,</strong></span> 
     </span>
     <span class='ocr_line' id='line_1_30' title="bbox 29 2159 1044 2228; baseline 0.009 -24"><span class='ocrx_word' id='word_1_144' title='bbox 29 2159 121 2228; x_wconf 46' lang='lat' dir='ltr'><strong>lcum</strong></span> <span class='ocrx_word' id='word_1_145' title='bbox 147 2166 246 2208; x_wconf 86' lang='lat' dir='ltr'><strong>nihil</strong></span> <span class='ocrx_word' id='word_1_146' title='bbox 275 2171 439 2213; x_wconf 85' lang='lat' dir='ltr'><strong>interea</strong></span> <span class='ocrx_word' id='word_1_147' title='bbox 469 2173 647 2226; x_wconf 86' lang='lat' dir='ltr'><strong>piscium</strong></span> <span class='ocrx_word' id='word_1_148' title='bbox 679 2175 760 2216; x_wconf 88' lang='lat' dir='ltr'><strong>huc</strong></span> <span class='ocrx_word' id='word_1_149' title='bbox 791 2175 1044 2227; x_wconf 76' lang='lat' dir='ltr'><strong>adnaviget?</strong></span> 
     </span>
     <span class='ocr_line' id='line_1_31' title="bbox 30 2234 1077 2296; baseline 0.011 -22"><span class='ocrx_word' id='word_1_150' title='bbox 30 2234 125 2286; x_wconf 65' lang='lat' dir='ltr'><strong>quid</strong></span> <span class='ocrx_word' id='word_1_151' title='bbox 152 2249 250 2291; x_wconf 85' lang='lat' dir='ltr'><strong>ergo</strong></span> <span class='ocrx_word' id='word_1_152' title='bbox 281 2253 384 2293; x_wconf 90' lang='lat' dir='ltr'><strong>opus</strong></span> <span class='ocrx_word' id='word_1_153' title='bbox 413 2248 476 2283; x_wconf 88' lang='lat' dir='ltr'><strong>est</strong></span> <span class='ocrx_word' id='word_1_154' title='bbox 506 2246 764 2296; x_wconf 86' lang='lat' dir='ltr'><strong>praesidibus</strong></span> <span class='ocrx_word' id='word_1_155' title='bbox 794 2246 1077 2287; x_wconf 74' lang='lat' dir='ltr'><strong>insularibus‘?</strong></span> 
     </span>
     <span class='ocr_line' id='line_1_32' title="bbox 31 2292 880 2369; baseline 0.015 -25"><span class='ocrx_word' id='word_1_156' title='bbox 31 2292 234 2349; x_wconf 60' lang='lat' dir='ltr'><strong>{miscenda</strong></span> <span class='ocrx_word' id='word_1_157' title='bbox 261 2311 327 2351; x_wconf 86' lang='lat' dir='ltr'><strong>lex</strong></span> <span class='ocrx_word' id='word_1_158' title='bbox 355 2317 402 2352; x_wconf 91' lang='lat' dir='ltr'><strong>ut</strong></span> <span class='ocrx_word' id='word_1_159' title='bbox 431 2314 608 2366; x_wconf 81' lang='lat' dir='ltr'><strong>piscium</strong></span> <span class='ocrx_word' id='word_1_160' title='bbox 638 2317 880 2369; x_wconf 87' lang='lat' dir='ltr'><strong>importatio</strong></span> 
     </span>
     <span class='ocr_line' id='line_1_33' title="bbox 32 2371 981 2439; baseline 0.012 -25"><span class='ocrx_word' id='word_1_161' title='bbox 32 2371 113 2421; x_wconf 59' lang='lat' dir='ltr'><strong>ssliuc</strong></span> <span class='ocrx_word' id='word_1_162' title='bbox 139 2377 222 2418; x_wconf 84' lang='lat' dir='ltr'><strong>fiat.</strong></span> <span class='ocrx_word' id='word_1_163' title='bbox 282 2393 376 2421; x_wconf 84' lang='lat' dir='ltr'><strong>nam</strong></span> <span class='ocrx_word' id='word_1_164' title='bbox 405 2394 514 2423; x_wconf 87' lang='lat' dir='ltr'><strong>nunc</strong></span> <span class='ocrx_word' id='word_1_165' title='bbox 546 2386 774 2438; x_wconf 83' lang='lat' dir='ltr'><strong>piscatores</strong></span> <span class='ocrx_word' id='word_1_166' title='bbox 806 2389 981 2439; x_wconf 85' lang='lat' dir='ltr'><strong>occupat</strong></span> 
     </span>
     <span class='ocr_line' id='line_1_34' title="bbox 34 2444 1098 2510; baseline 0.009 -24"><span class='ocrx_word' id='word_1_167' title='bbox 34 2444 219 2488; x_wconf 22' lang='lat' dir='ltr'><strong>*Matrem</strong></span> <span class='ocrx_word' id='word_1_168' title='bbox 248 2450 441 2504; x_wconf 81' lang='lat' dir='ltr'><strong>Diogiton</strong></span> <span class='ocrx_word' id='word_1_169' title='bbox 473 2467 638 2508; x_wconf 89' lang='lat' dir='ltr'><strong>quoque</strong></span> <span class='ocrx_word' id='word_1_170' title='bbox 667 2458 877 2510; x_wconf 82' lang='lat' dir='ltr'><strong>persuasit</strong></span> <span class='ocrx_word' id='word_1_171' title='bbox 907 2455 1098 2497; x_wconf 87' lang='lat' dir='ltr'><strong>omnibus</strong></span> 
     </span>
     <span class='ocr_line' id='line_1_35' title="bbox 34 2513 1084 2579; baseline 0.012 -26"><span class='ocrx_word' id='word_1_172' title='bbox 34 2513 91 2554; x_wconf 85' lang='lat' dir='ltr'><strong>-ad</strong></span> <span class='ocrx_word' id='word_1_173' title='bbox 122 2527 168 2556; x_wconf 81' lang='lat' dir='ltr'><strong>sc</strong></span> <span class='ocrx_word' id='word_1_174' title='bbox 195 2522 240 2558; x_wconf 89' lang='lat' dir='ltr'><strong>ut</strong></span> <span class='ocrx_word' id='word_1_175' title='bbox 266 2521 480 2564; x_wconf 84' lang='lat' dir='ltr'><strong>deferrent</strong></span> <span class='ocrx_word' id='word_1_176' title='bbox 508 2526 683 2579; x_wconf 87' lang='lat' dir='ltr'><strong>piscium</strong></span> <span class='ocrx_word' id='word_1_177' title='bbox 713 2541 876 2568; x_wconf 91' lang='lat' dir='ltr'><strong>omnem</strong></span> <span class='ocrx_word' id='word_1_178' title='bbox 909 2530 1084 2579; x_wconf 89' lang='lat' dir='ltr'><strong>copiam,</strong></span> 
     </span>
     <span class='ocr_line' id='line_1_36' title="bbox 35 2587 1075 2650; baseline 0.013 -26"><span class='ocrx_word' id='word_1_179' title='bbox 35 2595 166 2641; x_wconf 47' lang='lat' dir='ltr'><strong>[quam</strong></span> <span class='ocrx_word' id='word_1_180' title='bbox 194 2587 428 2633; x_wconf 86' lang='lat' dir='ltr'><strong>devorando</strong></span> <span class='ocrx_word' id='word_1_181' title='bbox 458 2599 659 2638; x_wconf 80' lang='lat' dir='ltr'><strong>rem&#39;non</strong></span> <span class='ocrx_word' id='word_1_182' title='bbox 690 2599 933 2650; x_wconf 83' lang='lat' dir='ltr'><strong>popularem</strong></span> <span class='ocrx_word' id='word_1_183' title='bbox 963 2597 1075 2638; x_wconf 83' lang='lat' dir='ltr'><strong>facit.</strong></span> 
     </span>
     <span class='ocr_line' id='line_1_37' title="bbox 42 2654 989 2715; baseline 0.01 -16"><span class='ocrx_word' id='word_1_184' title='bbox 42 2654 85 2695; x_wconf 78' lang='lat' dir='ltr'><strong>iu</strong></span> <span class='ocrx_word' id='word_1_185' title='bbox 113 2659 262 2710; x_wconf 84' lang='lat' dir='ltr'><strong>nuptiis</strong></span> <span class='ocrx_word' id='word_1_186' title='bbox 292 2674 467 2715; x_wconf 86' lang='lat' dir='ltr'><strong>namque</strong></span> <span class='ocrx_word' id='word_1_187' title='bbox 497 2671 538 2706; x_wconf 90' lang='lat' dir='ltr'><strong>et</strong></span> <span class='ocrx_word' id='word_1_188' title='bbox 567 2668 762 2709; x_wconf 83' lang='lat' dir='ltr'><strong>iuvenum</strong></span> <span class='ocrx_word' id='word_1_189' title='bbox 794 2669 989 2708; x_wconf 75' lang='lat' dir='ltr'><strong>conviviis</strong></span> 
     </span>
     <span class='ocr_line' id='line_1_38' title="bbox 37 2731 493 2789; baseline 0.024 -23"><span class='ocrx_word' id='word_1_190' title='bbox 37 2737 156 2789; x_wconf 61' lang='lat' dir='ltr'><strong>smera</strong></span> <span class='ocrx_word' id='word_1_191' title='bbox 185 2731 387 2774; x_wconf 86' lang='lat' dir='ltr'><strong>vastitudo</strong></span> <span class='ocrx_word' id='word_1_192' title='bbox 417 2739 493 2778; x_wconf 86' lang='lat' dir='ltr'><strong>cst.</strong></span> 
     </span>
    </p>
   </div>
   <div class='ocr_carea' id='block_1_9' title="bbox 640 2799 904 2807">
    <p class='ocr_par' dir='ltr' id='par_1_12' title="bbox 640 2799 904 2807">
     <span class='ocr_line' id='line_1_39' title="bbox 640 2799 904 2807; baseline 0 0"><span class='ocrx_word' id='word_1_193' title='bbox 640 2799 904 2807; x_wconf 95' lang='lat' dir='ltr'><strong> </strong></span> 
     </span>
    </p>
   </div>
   <div class='ocr_carea' id='block_1_10' title="bbox 98 2815 1251 2856">
    <p class='ocr_par' dir='ltr' id='par_1_13' title="bbox 98 2815 1251 2856">
     <span class='ocr_line' id='line_1_40' title="bbox 98 2815 1251 2856; baseline 0.005 -6"><span class='ocrx_word' id='word_1_194' title='bbox 98 2815 267 2852; x_wconf 81' lang='lat' dir='ltr'><strong>comoed.</strong></span> <span class='ocrx_word' id='word_1_195' title='bbox 292 2821 369 2853; x_wconf 73' lang='lat' dir='ltr'><strong>me‹l</strong></span> <span class='ocrx_word' id='word_1_196' title='bbox 1196 2817 1251 2856; x_wconf 75' lang='lat'><strong>42</strong></span> 
     </span>
    </p>
   </div>
   <div class='ocr_carea' id='block_1_11' title="bbox 1409 141 1493 184">
    <p class='ocr_par' dir='ltr' id='par_1_14' title="bbox 1409 141 1493 184">
     <span class='ocr_line' id='line_1_41' title="bbox 1409 141 1493 184; baseline 0 0"><span class='ocrx_word' id='word_1_197' title='bbox 1409 141 1493 184; x_wconf 76' lang='lat'><strong>657</strong></span> 
     </span>
    </p>
   </div>
  </div>
 </body>
</html>
