1702 3158
561 145 679 190 TPO
687 144 775 190 ΦΩ
781 146 829 189 N
827 145 855 188 I
857 143 945 189 ΘΣ.
1403 145 1485 186 491

130 267 188 319 ὠς
219 265 417 318 ἀκίνητοι
446 262 525 306 νῦν
553 254 667 304 εἶναι
697 259 811 315 βοᾶν
837 259 913 302 καὶ
942 257 1091 300 πονεῖν
1118 252 1259 313 μόνον

130 356 204 397 καὶ
234 352 423 395 δειπνεῖν
451 345 734 404 ἐπιστάμενοι
765 343 839 388 διὰ
869 344 1016 394 τέλους
1045 342 1124 395 τὴν
1152 340 1293 399 νύχθ’
1323 336 1450 395 ὅλην,«

133 434 360 494 γυμνοῦθ’
393 432 549 484 αὐτοὺς
579 433 754 475 θᾶττον
784 426 988 479 ἅπαντες.

138 565 373 606 Athenaeus
403 561 441 602 X
474 574 513 614 p.
544 560 627 599 417
645 571 681 598 e.
713 558 765 597 de
794 555 1058 597 Boeotiorum
1099 555 1322 596 voracitate
1352 558 1494 608 poeta-

24 647 115 676 rum
145 632 372 675 testimonia
402 631 606 672 afferens:
637 624 817 678 ”Αλεξις
851 621 1092 681 Τροφωνίῳ
1122 624 1221 665 Νῦν
1250 621 1301 665 δ’
1329 618 1405 664 ἰ’να
1432 620 1494 679 μὴ

26 704 113 746 κτλ..
181 706 241 745 De
278 708 408 743 metro
448 701 682 754 Eupolideo
722 700 833 752 apud
875 699 1035 739 mediae
1074 698 1314 739 comoediae
1354 701 1495 750 poetas

27 776 108 816 dixi
151 775 257 815 Hist.
293 773 383 813 crit.
427 786 464 824 p.
497 762 595 811 300}
669 771 740 813 Vs.
783 771 811 810 3
856 770 1066 809 Porsonus
1111 769 1163 809 ad
1208 767 1497 822 Aristophanis

25 846 132 888 Nub.
161 845 244 884 518
286 844 491 884 tentabat:
529 836 586 888 ὥς
615 836 814 889 ἀκίνητοι
841 834 932 879 ’στὲ
957 837 1070 892 βοᾶν
1098 838 1196 878 νυνὶ
1225 838 1301 878 καὶ
1330 838 1494 880 πονεῖν.

24 916 107 958 Sed
138 913 234 954 νυνὶ
263 914 314 954 ad
343 926 508 954 sensum
540 925 711 966 prorsus
740 912 902 953 inutile.
970 911 1195 951 Praeterea
1225 910 1277 951 ad
1307 914 1497 951 constru-

24 987 169 1028 ctionis
197 986 400 1025 rationem
432 984 565 1037 aptius
593 984 827 1037 scripsisset
857 976 1071 1031 ἀνίκητοι.
1136 981 1251 1023 Nihil
1290 981 1400 1022 ultra
1428 993 1517 1022 re·

24 1059 230 1111 quii-erem
270 1057 304 1096 si
347 1056 545 1107 scriptum
586 1058 696 1095 esset
733 1049 791 1101 ὥς
830 1048 1030 1102 ἀνίκητοί
1070 1065 1114 1091 τε
1154 1049 1267 1106 βοᾶν
1297 1049 1393 1092 ἐστε
1421 1049 1498 1091 καὶ

25 1127 174 1169 πονεῖν
203 1122 354 1179 μόνον.
406 1125 527 1177 Quod
545 1125 811 1165 casaubonus
841 1137 916 1176 pro
948 1123 1097 1163 πονεῖν
1127 1125 1311 1164 tentabat
1341 1119 1498 1173 πίνειν,

25 1200 203 1239 fortasse
233 1211 313 1238 non
340 1196 617 1236 necessarium
649 1199 724 1235 est.
799 1195 998 1235 Similiter
1029 1195 1216 1237 Eubulus
1245 1196 1288 1236 in
1318 1195 1499 1248 Antiope

26 1272 190 1323 Fragm.
232 1269 272 1308 1:
314 1268 465 1307 πονεῖν
507 1266 587 1318 μὲν
631 1260 771 1318 ἄμμες
813 1264 889 1304 καὶ
933 1266 1092 1319 φαγεῖν
1137 1259 1236 1318 μέγ’
1281 1259 1502 1319 ἀνδρικοί,

26 1352 268 1393 quamquam
299 1338 342 1378 id
370 1338 505 1391 ipsum
536 1341 848 1377 controversum
880 1341 955 1378 est.
997 1363 1051 1369 —
1084 1337 1155 1379 Vs.
1186 1337 1214 1377 4
1246 1332 1320 1376 διὰ
1350 1334 1500 1386 τέλους

26 1410 262 1452 Dindorfius
291 1422 342 1449 ex
370 1409 418 1449 B.
462 1408 599 1461 Vulgo
631 1402 707 1446 διὰ
735 1404 870 1454 τέλος.
928 1432 984 1440 -—
1029 1407 1102 1449 Vs.
1131 1407 1159 1448 5
1188 1403 1419 1462 γυμνοῦθ’
1447 1409 1499 1450 A.

25 1475 280 1535 γυμνοῦσθ’
314 1481 436 1523 PVL.
494 1479 580 1520 Gur
609 1482 747 1519 autem
776 1474 1064 1530 γυμνοῦσθαι
1094 1480 1135 1520 h.
1154 1493 1191 1520 e.
1212 1479 1397 1535 pallium
1427 1480 1500 1522 de-

20 1565 178 1607 ponere
205 1553 400 1593 iubentur
430 1549 686 1590 choreutae?
743 1550 847 1590 Nam
886 1550 1060 1591 chorum
1092 1564 1141 1591 ex
1170 1552 1357 1593 Boeotiis
1386 1564 1501 1593 com·

26 1624 204 1677 positum
234 1623 303 1662 hic
333 1621 572 1674 compellari
602 1633 684 1661 non
714 1620 893 1662 dubitari
931 1626 1083 1675 potest.
1150 1622 1244 1663 Nou
1284 1623 1406 1664 aliam
1447 1624 1500 1664 ob

29 1707 212 1735 caussam
243 1697 359 1746 puto,
387 1693 465 1733 nisi
493 1697 540 1732 ut
569 1692 620 1731 ad
650 1692 880 1733 saltandum
908 1692 1130 1733 habiliores
1160 1693 1347 1734 evadant.
1407 1694 1502 1736 Ari-

28 1764 167 1818 stoph.
198 1764 500 1804 Achai-mom:
531 1756 630 1800 ἀλλ’
661 1757 902 1810 ἀποδύντες
931 1761 1022 1810 τοῖς
1050 1758 1346 1812 ἀναπαίστοις
1374 1759 1501 1803 ἐπίω-

28 1847 131 1890 μεν,
160 1835 231 1876 ubi
260 1834 480 1875 scholiasta
510 1833 615 1873 haec
645 1834 879 1874 annotavit:
918 1827 1193 1873 ἀποδύοντοιι
1222 1830 1304 1884 τὴν
1331 1829 1503 1886 ἔξωθεν

31 1900 202 1956 στολήν,
232 1898 307 1944 ἵνα
332 1899 516 1951 εὐτόνως
528 1898 740 1957 χορεύωσι
760 1902 836 1943 καὶ
864 1897 1211 1959 εὐστροᾳώτεροι
1238 1894 1335 1947 ὦσι,
1369 1909 1502 1960 Quam

32 1978 343 2032 explicationem
395 1981 511 2016 recte
561 1976 710 2029 probat
755 1975 967 2016 Porsonus
1015 1978 1206 2030 Append.
1252 1978 1305 2019 ad
1349 1978 1502 2032 Toupii

33 2049 208 2094 Emend.
239 2061 281 2103 p.
306 2047 405 2096 498,
445 2047 535 2088 aliis
563 2046 666 2087 illud
705 2040 946 2094 ἀποδύντες
985 2049 1267 2102 metaphorice
1296 2048 1503 2102 interpre-

36 2118 212 2161 tantibus
246 2118 298 2158 de
336 2117 386 2159 iis
416 2118 485 2171 qul
514 2118 632 2172 operi
662 2129 755 2159 sese
785 2119 1016 2173 accingunt.
1048 2121 1088 2171 *)
1154 2120 1355 2174 Apposite
1393 2121 1504 2161 idem

129 2275 162 2317 ⁹)
187 2275 264 2309 Hoc
286 2285 386 2310 sensu
410 2275 582 2313 ἄποδῦναι
606 2278 739 2322 accipio
773 2278 810 2312 in
834 2291 934 2314 versu
967 2279 1093 2315 incerti
1119 2285 1242 2324 poetae
1267 2280 1389 2315 comici
1416 2282 1505 2326 apud

36 2335 232 2372 Bekkerum
255 2337 387 2371 Anecd.
411 2349 442 2381 p.
466 2339 535 2373 427
560 2341 616 2375 26.
633 2336 919 2375 Ἀποδῠσαιε

288 2392 420 2442 μᾶλλον
443 2393 481 2431 ‹5'
510 2396 669 2435 ἀπόδυθι
691 2403 822 2444 ταχέως
869 2410 878 2422 ·
926 2408 935 2421 ·
984 2410 993 2423 ·
1042 2402 1230 2445 Παμφίλη.

292 2456 456 2503 ἡμέτερος
480 2458 498 2491 ὁ
527 2462 646 2498 πλοῦς.

43 2514 138 2550 Quae
162 2517 273 2559 glossa
297 2517 344 2551 ita
369 2518 578 2560 corrigenda
603 2523 668 2562 est,
685 2518 966 2555 'Audffvaan
990 2517 1125 2566 μᾶλλον
1151 2515 1186 2555 δ’
1217 2517 1444 2556 ἀπόδυθι·

288 2572 448 2611 ἀπόδυθι
472 2582 611 2621 ταχέως,
637 2577 818 2624 ΙΙάμφιλ’,
843 2580 1010 2625 ἡμέτερος
1033 2580 1051 2615 ὁ
1077 2577 1196 2618 πλοῦς.

45 2633 141 2666 Haec
169 2635 257 2668 enim
281 2647 375 2670 mens
400 2642 455 2673 est
477 2641 702 2683 grammatici,
728 2652 796 2675 non
822 2638 1073 2676 ἀποδύσασθαι
1095 2641 1198 2676 attice
1222 2642 1406 2676 dicendum
1427 2654 1504 2675 esse

46 2693 106 2727 sed
131 2690 312 2729 ἀποδῦναι.
359 2697 484 2734 Versus
508 2705 621 2734 autem
647 2701 703 2735 ille
730 2701 778 2735 ita
800 2702 1081 2747 interpretandus
1106 2707 1175 2738 est:
1200 2709 1393 2744 quantocius
1405 2708 1506 2736 Pam-0

47 2758 131 2796 phile
158 2766 223 2788 rem
247 2762 439 2800 ayyredere3
463 2766 554 2795 uobis
577 2767 660 2798 cuim
684 2769 748 2796 iam
772 2769 929 2805 ayendwn
953 2770 1013 2800 est.
