1702 3158
474 159 738 203 FABULAE
771 159 827 200 ΙΝ
831 157 1074 201 ΟΕΕΤΑΕ.
1434 156 1515 197 187

737 287 853 330 vm.

320 369 544 415 Φαινίνδα
572 367 739 423 παίζων
769 367 860 429 ᾔεις
890 369 936 410 ἐν
970 364 1254 411 Φαινεστίου.

157 486 396 530 Athenaeus
426 488 503 528 1.1.
547 484 740 527 ἐκαλεῖτο
772 482 818 524 δὲ
848 479 1063 539 φαινίνδα
1092 478 1181 523 ἀπὸ
1213 479 1287 532 τῆς
1319 476 1518 537 ἀφέσεως

45 554 133 598 τῶν
171 554 514 613 σφαιριζόντων,
554 553 583 608 ἢ
614 550 683 598 ὅτι
712 552 883 611 εὑρετὴς
915 550 1072 604 αὐτῆς,
1113 547 1170 602 ὥς
1201 565 1341 609 ([ησιν
1369 549 1518 605 Ἰόβας

48 625 72 668 ὁ
103 625 410 683 Μαυρούσιος,
458 628 723 675 Φαινέστιος
762 623 786 667 ὁ
817 622 1121 680 παιδοτρίβης.
1185 624 1259 665 καὶ
1295 620 1518 678 Ἀντιᾳ-ά-
1565 647 1569 653 ,

46 711 123 750 νης
157 698 380 741 Ψαινίνδα
426 699 515 742 κτλ.
593 703 674 742 Pro
712 695 803 757 ᾔεις
839 696 886 737 ἐν
925 698 1223 740 Valckenarius
1265 697 1317 737 ad
1361 697 1517 737 Phoen.

45 785 85 824 p.
117 771 200 811 384
238 773 401 812 coniicit
438 760 513 827 ᾖεν
553 769 608 818 ἐς.
681 772 891 811 Porsonus
932 770 1102 810 Advers.
1144 783 1184 822 p.
1216 769 1299 808 309
1345 764 1521 806 παίσων

45 830 127 897 ᾗας
156 838 201 879 ἐκ
236 839 517 881 Φαινεστίου.
579 842 723 883 Varias
762 841 1124 893 grammaticorum
1155 839 1519 891 interpretationes

46 912 158 952 vocis
189 909 403 966 ᾳαινίνδα
435 913 603 966 collegit
633 913 684 952 ad
716 911 759 951 h.
788 911 816 951 Ι.
847 910 1282 963 Schweighaeuserus.
1331 909 1519 949 Phaene-

44 983 168 1023 stium
219 983 305 1023 ludi
353 983 471 1024 istius
512 984 769 1024 inventorem
821 981 1008 1021 nominat
1058 981 1183 1021 etiam
1228 980 1412 1034 Etymol.
1456 980 1517 1020 M.

45 1066 86 1106 p.
116 1054 200 1095 wo
229 1055 298 1104 27,
327 1054 395 1094 ubi
430 1051 665 1101 Φενέστιος
693 1052 892 1105 scriptum
923 1057 1001 1094 est.

266 1263 343 1315 'Eg
371 1263 598 1321 μακαρίαν
627 1263 677 1307 τὸ
707 1260 906 1320 λουτρόν,
934 1260 992 1313 ὥς
1022 1262 1206 1316 διέθηκέ
1232 1279 1303 1320 με.

273 1348 424 1406 {qam
455 1349 615 1409 κομιδῇ
643 1348 890 1402 πεποίηκεν,
919 1346 1229 1392 ἀποκναίσειεν
1259 1347 1320 1391 ἄν

266 1431 349 1476 κᾶν
378 1432 586 1478 ὁστισοῦν
613 1449 701 1491 μου
728 1431 975 1490 λαβόμενος
1002 1433 1081 1476 τοῦ
1111 1434 1340 1492 δέρματος.

269 1515 382 1562 οῖ’·τω
412 1517 587 1578 στερεόν
615 1535 658 1562 τι
688 1520 869 1577 πρᾶγμα
900 1518 1075 1577 θερμόν
1104 1518 1214 1576 ἐσθ’
1247 1516 1379 1578 ὕδωρ.

157 1634 396 1678 Athenaeus
430 1638 445 1677 1
477 1651 517 1690 p.
551 1638 604 1677 18
620 1650 661 1677 c:
699 1626 761 1675 ὦν
799 1634 1046 1688 (βαλανεῖα
1076 1637 1208 1689 dicit)
1249 1634 1299 1676 τὸ
1328 1635 1518 1690 βλαπτι-

49 1699 126 1742 κὸν
158 1701 435 1760 Ἀντιφάνης
478 1706 609 1756 δηλοῖ
637 1703 713 1755 Ἐς
741 1704 967 1761 μακαρίαν
991 1706 1078 1748 κτλ.
1154 1710 1225 1750 Vs.
1258 1711 1277 1748 l
1328 1710 1422 1749 libri
1459 1703 1519 1757 είς

47 1773 283 1828 μακαρίαν.
348 1779 503 1831 Scripsi
544 1776 598 1827 ἐς,
640 1791 720 1830 qua
758 1779 892 1818 forma
933 1784 974 1818 et
1010 1779 1051 1818 in
1092 1779 1170 1818 hac
1202 1785 1243 1818 et
1273 1781 1313 1819 in
1346 1785 1519 1833 cognata

48 1844 224 1886 dictione
253 1845 295 1895 ig
324 1843 513 1903 κόρακας
551 1855 593 1888 et
621 1847 662 1896 ἐς
693 1844 854 1901 ὀλβίαν
885 1855 1122 1889 constanter
1156 1851 1221 1890 usi
1253 1857 1347 1891 sunt
1379 1853 1517 1892 Attici.

46 1915 261 1959 Helladius
293 1920 431 1960 Photii
462 1921 567 1961 Bibl.
611 1934 650 1973 p.
680 1921 764 1960 535
796 1922 845 1960 2:
885 1918 928 1958 οἱ
965 1916 1161 1959 Ἀττικοὶ
1201 1917 1316 1960 κατά
1354 1935 1396 1962 τι
1435 1918 1519 1962 πά-

47 1996 165 2039 τριον
206 1984 316 2037 ἔθος
353 1985 405 2029 οὐ
437 1989 628 2044 χρῶνται
671 1989 725 2048 τῇ
763 2003 800 2030 ει
833 1986 1071 2046 διφθόγγῳ
1112 1990 1158 2030 ἐν
1198 1990 1256 2046 τῷ
1294 1991 1432 2044 λέγειν
1468 1992 1519 2038 ἐς

46 2051 284 2111 κόρακας
319 2054 348 2110 ἢ
385 2058 434 2108 ἐς
474 2058 780 2116 μακαρίαν,
821 2057 922 2101 ἀλλ’
955 2057 1061 2101 ἄνευ
1103 2059 1181 2101 τοῦ
1211 2059 1416 2116 διχρόνου
1451 2064 1516 2106 ἐκ-

47 2126 244 2181 φωνοῦσι
288 2128 368 2180 τὴν
406 2128 643 2187 πρόθεσιν.
730 2135 889 2174 Eodem
930 2139 1091 2188 spectat
1133 2135 1342 2175 adnotatio
1387 2137 1518 2179 schol.

47 2198 154 2241 Vict.
192 2201 242 2240 ad
280 2199 548 2256 fliad.1p'7.
586 2200 656 2257 μὴ
696 2199 758 2253 δή
798 2217 895 2246 πως
930 2201 956 2254 ἡ
998 2202 1154 2255 διπλη,
1195 2197 1263 2244 ὅτι
1302 2201 1400 2246 ἀντὶ
1443 2206 1522 2248 τοῦ

47 2267 241 2321 μηδέπω.
296 2285 354 2320 ως
397 2271 448 2314 τὸ
493 2269 568 2322 είς
609 2270 867 2328 κόρακας.
926 2275 1094 2329 Λοκροὶ
1139 2273 1183 2314 δὲ
1228 2275 1271 2315 οἱ
1313 2274 1421 2331 πρὸς
1467 2275 1522 2336 τῆ

3 2333 5 2336 ’
45 2332 219 2379 'Imma
243 2355 436 2395 χρωνται
465 2342 524 2384 τιῖ,
553 2345 579 2395 ἢ
609 2341 708 2385 ἀντὶ
741 2345 819 2386 τοῦ
846 2346 878 2388 ἲ.
917 2349 1010 2388 Non
1043 2347 1250 2399 expedivit
1279 2348 1385 2388 haec
1403 2350 1518 2403 Hey-

50 2410 141 2451 nius
177 2413 258 2452 vol.
290 2414 388 2456 vlu
427 2430 467 2468 p.
498 2417 597 2458 356.
664 2418 936 2458 Scribendum
978 2419 1142 2458 videtur
1180 2414 1237 2467 η’ς·
1275 2413 1518 2473 κόρακας

50 2482 245 2536 locusque
274 2485 330 2525 ita
359 2486 711 2540 interpretandus:
744 2494 790 2529 ut
808 2489 1014 2529 Homerus
1042 2486 1103 2541 μὴ
1131 2484 1184 2538 δη
1216 2502 1283 2528 πω
1315 2491 1415 2530 dixit
1442 2506 1516 2544 pro

50 2550 251 2605 μηδέπω,
292 2557 422 2597 vocali
446 2556 467 2596 3
496 2563 650 2598 mutata
689 2560 729 2599 in
769 2559 1073 2613 diphthongum
1109 2560 1151 2610 ἢ,
1190 2561 1246 2602 ita
1285 2562 1518 2603 Locrenses

51 2623 351 2679 Epizephyrios
390 2623 448 2678 ἧς
489 2622 723 2681 κόρακας
755 2630 904 2670 dixisse
934 2645 1009 2684 pro
1047 2629 1096 2678 ἐς
1133 2626 1386 2684 κόρακας.
1449 2635 1517 2676 Vi-

54 2692 201 2749 tiosum
231 2689 289 2743 εἰς
317 2693 505 2752 κόρακας
535 2700 762 2740 tollendum
801 2701 923 2742 etiam
965 2715 1014 2742 ex
1044 2703 1283 2756 Hipparcho
1317 2706 1518 2746 Athenaei

55 2761 115 2807 XI
145 2777 186 2821 p-
217 2764 299 2810 477
314 2766 345 2810 f.
410 2795 463 2802 —
515 2771 586 2814 Vs.
616 2772 643 2814 2
673 2767 907 2824 πεποίηκεν
937 2786 1011 2828 pro
1044 2771 1247 2828 πεποίηκ’
1284 2777 1519 2820 Diudortius
