1702 3158
205 183 286 223 168
723 175 795 215 AN
801 174 1136 216 AXANDmms

204 283 366 343 λαβών.
433 288 494 327 De
530 286 664 339 glossa
701 284 993 325 Antiatticistae
1022 298 1062 336 p.
1094 283 1173 322 113
1211 281 1266 322 in.
1306 276 1495 330 Πυξίονε
1538 272 1650 319 ὅπου

143 350 149 355 ”
206 359 249 400 οἱ
285 352 501 411 ζωγράφοι
539 349 793 407 γράφουσιν.
863 348 1052 403 Ἀγίας
1090 345 1332 405 Ζωγράφῳ,
1369 363 1487 402 quam
1528 350 1644 400 attigi

206 429 317 469 nist.
355 427 444 466 crit.
473 439 513 477 Ρ.
542 425 637 471 371,
676 435 782 462 nunc
817 422 873 461 ita
913 425 1045 461 statuo
1083 425 1128 460 ut
1157 417 1362 458 ΑΓΙΑΣ
1389 433 1437 459 ex
1468 410 1645 457 ANAE

207 497 251 538 h.
282 509 320 537 e.
344 489 696 545 Ἀναξανδρίδης
726 495 963 543 corruptum
994 489 1170 530 credam.

908 611 959 651 11.

318 692 588 735 Antiatticista
630 706 669 744 p.
717 692 798 731 104
850 693 916 733 32.
982 690 1023 730 K
1032 705 1046 730 ι
1061 703 1083 729 ν
1095 703 1118 730 ν
1130 686 1157 730 ά
1170 689 1240 742 βα
1253 704 1303 744 ρι
1314 705 1335 738 ς
1355 705 1366 731 :
1432 686 1658 743 ἀρσενικῶς

205 758 556 814 Ἀναξανδρίδης
612 755 870 815 Γεωγράφῳ.
943 762 1238 801 Grammaticus
1284 760 1459 800 Bekkeri
1503 759 1656 799 Anecd.

209 846 251 886 Ρ.
280 832 415 873 1208:
443 823 618 884 εὕρηται
647 827 727 884 γὰρ
756 826 875 885 παρὰ
911 824 1229 886 Ἀλεξανδρίδῃ
1258 826 1282 880 ἡ
1315 823 1531 876 αἰτιατική
1562 840 1586 865 τ
1598 823 1620 866 ὀ
1634 838 1658 865 ν

210 914 236 942 κ
249 913 297 941 ιν
307 912 332 940 ν
345 896 373 939 ά
388 898 457 953 βα
472 913 496 954 ρ
510 912 525 939 ι
536 910 575 939 ν.

604 1095 1272 1140 ΗΡΑΚΛΗΣ.

426 1214 484 1258 ‘0
511 1218 591 1271 μὲν
620 1215 699 1271 γὰρ
729 1213 891 1272 εὐφυής
921 1230 984 1265 τις
1010 1208 1123 1259 εἶναι
1152 1215 1369 1273 φαίνεται,

432 1296 489 1348 ὥς
518 1297 564 1339 δ’
592 1297 823 1355 εὐρύθμως
851 1298 999 1353 λαβών
1029 1299 1077 1341 τὸ
1106 1298 1412 1367 μελετητήριον

432 1374 511 1423 εἶτ’
544 1380 765 1437 ἐσχεδίασε
796 1382 975 1438 δριμέως
1005 1383 1050 1424 ἐν
1107 1387 1126 1409 *
1183 1390 1200 1411 *
1259 1388 1416 1436 παπαῖ,

436 1464 594 1520 μεστὸς
622 1464 848 1520 γενόμενος
877 1465 983 1520 πρὸς
1012 1465 1088 1507 τὸν
1117 1465 1282 1522 Ἀργᾶν
1311 1464 1527 1522 βούλομαι

435 1549 685 1599 κωδωνίσας
714 1551 887 1604 πέμψαι
915 1547 959 1591 σ’
992 1547 1324 1604 ἀγωνιούμενον,

440 1626 514 1672 ἵνα
542 1633 616 1673 καὶ
647 1632 701 1674 σὺ
730 1632 853 1690 νικᾷς
882 1631 981 1682 τοὺς
1011 1630 1240 1689 σοιῙιστάς,
1266 1623 1298 1672 ὦ
1331 1629 1442 1686 φίλε.

326 1744 564 1786 Athenaeus
595 1745 690 1786 XIV
721 1761 758 1798 p.
789 1748 870 1787 638
887 1747 934 1786 d:
980 1743 1058 1786 τοῦ
1086 1740 1231 1798 Ἀργᾶ
1257 1740 1514 1798 μνημονεύει
1534 1739 1666 1783 ’Ἁλε-

219 1811 282 1864 ξις
324 1838 380 1845 -—
423 1813 497 1851 καὶ
537 1808 889 1867 Ἀναξανδρίδης
929 1813 975 1853 ἐν
1013 1811 1220 1867 ’[Ιρακλεῖ
1252 1811 1308 1853 ‘0
1343 1815 1422 1866 μὲν
1459 1810 1542 1866 γὰρ
1576 1812 1666 1854 κτλ.

217 1883 291 1925 Vs.
319 1884 346 1922 2
389 1879 617 1936 εὐρύθμως
663 1884 1087 1936 Schweighaeuserus.
1162 1885 1273 1923 Libri
1322 1879 1556 1936 εὔρυθμος.
1612 1908 1667 1915 -

219 1953 292 1993 Vs.
322 1953 349 1991 3
379 1953 642 1993 casaubonus
674 1950 854 2006 δριμέως
884 1954 1034 1992 παπαῖ
1057 1953 1214 1994 παπαῖ.
1259 1954 1396 1993 Possis
1427 1954 1548 1992 eliam
1578 1949 1669 2005 δρι-

219 2020 330 2073 μέως
369 2010 415 2059 εὖ
455 2015 597 2073 μάλα,
641 2022 797 2063 παπαῖ.
856 2024 939 2063 Sed
969 2024 1008 2063 in
1040 2024 1188 2063 talibus
1219 2023 1352 2062 omnia
1381 2026 1473 2062 sunt
1500 2023 1667 2061 incerta.

221 2090 373 2129 παπαῖ
394 2104 467 2143 pro
499 2090 643 2131 παπαὶ
674 2092 788 2131 dedit
817 2093 1066 2133 Dindorfius.
1126 2091 1318 2145 δριμέως,
1348 2093 1375 2131 i.
1407 2106 1444 2144 q.
1473 2089 1666 2136 συνετῶς.

223 2160 462 2200 Eustathius
500 2173 540 2211 Ρ.
572 2161 680 2200 1455
711 2162 788 2200 34:
831 2157 1069 2214 Εὐριπίδης
1107 2159 1178 2200 ἐπὶ
1221 2158 1398 2200 συνετοῦ
1438 2158 1570 2214 εἴρηκε
1618 2156 1668 2198 τὸ

224 2223 375 2281 δριμύ,
412 2223 469 2274 ὠς
506 2227 616 2279 λέγει
654 2225 976 2282 Ἀριστοφάνης
1013 2226 1035 2269 ὁ
1065 2225 1373 2283 γραμματικός.
1430 2253 1485 2259 —-
1541 2229 1611 2270 Vs.
1641 2228 1668 2268 4

222 2294 380 2350 μεστὸς
420 2294 660 2350 γενόμενος,
706 2299 916 2339 Dobraeus
960 2300 1060 2340 Adv.
1102 2301 1139 2339 11
1181 2315 1219 2353 p.
1251 2300 1335 2339 348
1378 2286 1702 2350 interpretatur?

226 2380 348 2421 quum
375 2369 483 2407 satis
511 2369 759 2408 cantaveris.
818 2368 878 2407 De
908 2369 1017 2422 Arga
1046 2371 1200 2409 musico
1235 2370 1327 2409 vide
1359 2369 1463 2408 nist.
1495 2369 1582 2406 crit.
1613 2392 1666 2398 —-
1700 2395 1702 2422 3

225 2437 297 2478 Vs.
326 2436 353 2475 5
390 2438 423 2476 Β
453 2430 778 2488 ἀγωνιούμενος.
836 2463 890 2470 ψ-
948 2439 1015 2479 Vs.
1044 2441 1070 2478 6
1111 2436 1209 2486 τοὺς
1239 2434 1451 2492 σοφιστὰς
1478 2438 1666 2476 musicos.
1697 2430 1700 2432 ’

226 2504 455 2557 Aeschylus
483 2506 632 2547 Athen.
662 2520 703 2559 Ρ.
733 2508 876 2547 632οε
911 2502 991 2546 εἴτ’
1025 2497 1102 2548 οὖν
1131 2505 1344 2563 σοφιστὴς
1381 2502 1490 2546 καλὰ
1528 2517 1668 2558 παρα·
1698 2539 1702 2555 ,Δ

227 2569 371 2615 παίων
393 2573 533 2626 χέλυν.

815 2690 1073 2698 ————-—
