1702 3158
208 129 291 181 878
678 135 906 178 cmmm
940 133 1189 175 mmoms

211 244 308 285 ralis
335 243 393 283 sic
422 244 466 282 ut
496 244 633 282 nostro
663 242 754 280 loco
784 239 937 279 factum
965 241 1027 278 est
1059 251 1149 278 cum
1180 238 1303 278 verbo
1335 237 1531 290 singulari
1565 250 1659 280 con·
1690 217 1696 246 4

212 313 338 354 iuncti
368 324 416 351 ex
445 311 575 350 atticis
604 309 869 361 scriptoribus
899 309 1075 348 certiora
1104 307 1288 359 exempla
1320 306 1508 346 desidero
1540 320 1659 359 quam

214 394 318 435 quae
347 380 482 420 attulit
511 378 841 419 Schneidewinus
872 377 987 418 Coni.
1018 377 1105 417 crit.
1137 390 1176 429 p.
1207 377 1275 415 92.
1334 375 1501 415 Interim
1531 378 1660 428 probo

213 454 283 491 aut
311 449 605 489 Porsonianum
633 444 772 500 μάχης
802 451 843 487 et
873 440 1022 495 πόνου,
1054 450 1124 486 aut
1153 445 1262 498 quod
1291 445 1489 498 Bergkius
1506 446 1661 486 Comm.

213 531 255 572 Ρ.
283 519 368 559 413
396 517 557 569 scripsit
586 511 730 568 πόνος,
758 521 918 557 servato
948 509 1098 567 μάχαι.

914 604 967 645 Π.

425 668 573 744 ’Υμεῖζ
605 687 657 728 δ’
685 689 762 732 ἐὰν
792 671 999 732 ἱππίσκον
1029 685 1056 740 ἢ
1086 686 1282 743 τρίμιτον
1313 673 1452 742 ἔχητε.ἶ

323 782 472 824 Pollux
499 782 579 824 VII
608 780 687 822 58:
724 778 769 820 ἐν
807 779 853 822 δὲ
881 794 932 838 τη
962 777 1040 820 τοῦ
1068 777 1272 832 νεωτέρου
1301 773 1528 833 Κρατίνου
1555 773 1666 857 Ὀμ-

215 844 333 906 φάλῃ
361 849 529 904 εἴρηται
553 847 702 902 “Υμεῖς
731 876 784 883 -
814 847 959 903 ἔχητε,
996 845 1052 896 ὥς
1079 848 1153 888 καὶ
1182 844 1322 887 ταῦτα
1350 845 1443 897 είδη
1468 845 1666 901 χιτωνὶσ·

215 932 315 962 κων.
373 922 574 974 Apertum
602 924 664 959 est
694 919 796 962 haec
826 922 947 962 etiam
975 920 1063 959 aliis
1093 918 1224 960 modis
1255 917 1388 971 digeri
1418 929 1554 983 posse.

631 1102 680 1142 Π
698 1098 1102 1144 ΥΘΑΓΟΡΙΖΟ
1122 1100 1267 1143 ΥΣΛ.

328 1216 535 1269 Diogenes
564 1215 701 1255 Laert.
733 1215 831 1256 V111
861 1214 939 1254 37:
980 1209 1148 1265 ἔσκωψε
1191 1210 1237 1251 δὲ
1274 1203 1407 1250 αὐτὸν
1436 1210 1671 1263 (Pythago-

218 1287 326 1337 ram)
346 1283 563 1340 Κρατῖνος
591 1282 670 1335 μὲν
698 1281 744 1322 ἐν
773 1276 1159 1337 Πυθαγοριζούσῃ.
1189 1276 1300 1320 ἀλλὰ
1331 1279 1404 1319 καὶ
1433 1278 1478 1318 ἐν
1499 1279 1674 1333 Ταραν-

224 1351 374 1402 τίνοις.
434 1355 543 1395 Hinc
574 1354 719 1394 Suidas
750 1367 782 1393 ι.
805 1367 843 1394 v.
871 1347 1136 1406 Ξενοφάνης.
1194 1352 1348 1393 Verum
1386 1351 1506 1390 etiam
1535 1350 1673 1391 Alexis

222 1419 635 1476 Πυθαγορίζουσαν
666 1423 838 1475 scripsit.
884 1423 1074 1474 Diogenis
1106 1422 1199 1461 libri
1224 1421 1314 1460 fere
1328 1417 1675 1472 Πυθαγορικοῖς.

221 1491 747 1546 Αωηό.Πυθαγορικαῖς.
784 1491 1312 1544 Aldobr.Pythagorizusa.
1353 1490 1546 1530 Fortasse
1575 1489 1675 1529 scri-

222 1564 404 1604 bendum
434 1558 823 1614 Πυθαγοριζουσι,
851 1565 898 1601 ut
935 1561 1077 1599 titulus
1107 1560 1271 1599 fabulae
1299 1559 1426 1599 fuerit
1453 1557 1675 1611 Πυθαγο-

224 1629 421 1688 ρίζοντες.
480 1634 616 1685 Atque
643 1633 701 1672 ita
730 1645 778 1672 ex
809 1631 951 1671 cod.V
981 1629 1108 1669 edidit
1138 1628 1428 1670 Bernhardius.

632 1791 1284 1836 TAPANTINOJ.

383 1903 531 1954 Ἔθος
559 1904 678 1946 ἐστὶν
707 1902 869 1956 αὐτοῖς,
898 1900 953 1945 ἄν
982 1900 1065 1945 τιν’
1098 1898 1277 1953 ἰδιώτην
1303 1903 1448 1943 ποθέν

392 1986 587 2042 λάβωσιν
611 1983 887 2038 εἰσελθόντα,
917 1984 1256 2043 διαπειρώμενον

393 2071 469 2122 τῆς
496 2071 583 2113 τῶν
610 2068 750 2126 λόγων
775 2067 931 2128 ῥώμης,
961 2066 1188 2125 ταράττειν
1216 2069 1290 2111 καὶ
1318 2067 1452 2111 κυκᾶν

394 2157 484 2205 τοῖς
513 2151 788 2204 ἀντιθέτοις.
807 2155 896 2203 τοῖς
923 2153 1093 2209 πέρασι,
1122 2154 1210 2202 τοῖς
1238 2149 1557 2210 παρισώμασιν,

396 2239 487 2288 τοῖς
507 2235 789 2290 ἀποπλάνοις,
820 2238 910 2286 τοῖς
936 2237 1171 2292 μεγέθεσιν
1195 2234 1495 2291 νουβυστικῶς.

341 2341 547 2394 Diogenes
585 2342 721 2383 Laert.
758 2342 786 2382 l.
816 2342 843 2382 l.
876 2335 985 2378 ἀλλὰ
1023 2336 1096 2378 καὶ
1133 2336 1179 2378 ἐν
1222 2333 1505 2392 Ταραντίνοις
1542 2336 1679 2390 φησὶν

234 2400 369 2456 οὕτως
389 2405 536 2457 ἼῙθος
564 2407 683 2450 ἐστὶν
713 2406 859 2456 αὐτοῖς
889 2407 977 2448 κτλ.
1036 2409 1145 2449 Hinc
1171 2410 1287 2462 petiit
1314 2410 1447 2448 locum
1467 2408 1612 2447 Suidas
1641 2422 1678 2448 v·

235 2471 497 2533 Ξενοφάνης.
554 2481 625 2521 Vs.
655 2481 678 2520 l
710 2481 855 2521 Suidas
883 2475 959 2518 ἐὰν
987 2471 1176 2526 ἰδιώτην.
1214 2504 1266 2510 —
1296 2478 1365 2519 Vs.
1396 2479 1423 2517 2
1453 2473 1680 2530 διαπειρω-

233 2541 378 2599 μένοις
408 2548 440 2588 1.
470 2549 664 2602 Scaliger.
694 2576 749 2583 —-
779 2551 849 2593 Vs.
878 2549 905 2590 5
935 2546 1024 2596 τοῖς
1051 2545 1294 2600 μεγέθεσιν.
1329 2548 1376 2590 V.
1408 2546 1571 2588 Ernesti
1602 2546 1680 2586 Le-

235 2616 354 2659 xicon
384 2617 522 2658 techn.
552 2633 592 2672 p.
623 2619 718 2659 205.
