1702 3158
234 204 317 245 144
577 225 579 230 -
779 196 850 236 AN
856 195 1067 238 ΤΙΡΗΔΝ
1072 197 1120 237 IS

234 326 325 368 ριος
353 307 376 350 ὁ
407 306 523 362 βίος·
555 304 698 360 δεῖμ’
733 301 813 347 ἀεί.
872 333 924 338 -
983 307 1053 348 Vs.
1082 308 1108 346 4
1140 307 1230 346 libri
1260 301 1467 358 εὑρίσκειν
1494 302 1563 353 ιῦς.
1603 308 1680 348 Cs-

233 384 439 424 sanbonus
470 375 607 431 εὑρεῖν
637 371 766 425 ποθ’,
794 371 864 421 ὠς.
922 376 1074 428 Scripsi
1112 370 1247 429 εὑρεῖν
1285 368 1413 422 ὅπως.
1474 377 1680 417 Dohraeus

234 452 335 494 Adv.
368 451 406 491 ll
435 462 475 501 p.
505 448 609 487 293:
649 443 717 484 δεῖ
741 438 792 483 δ’
825 440 890 483 ἀεὶ
918 442 1070 484 καινὸν
1099 439 1234 497 πόρον
1260 443 1268 497 1
1291 439 1426 498 εὑρεῖν
1453 441 1539 498 ἔμ’,
1568 441 1639 495 ὥς,

782 568 911 611 XXV.
969 567 1119 610 XXVI.

441 650 657 707 ’Ἀριστον
685 649 731 691 ἐν
754 644 844 706 ὅσῳ
901 656 919 674 ·
976 655 995 675 ⁸
1051 647 1075 691 ὁ
1102 647 1303 708 μάγειρος
1332 654 1458 694 ποιεῖ.

798 739 817 761 ᾗ
1098 737 1116 758 *
1399 740 1418 759 *

452 816 882 874 Συνακρατίσασθαι
910 816 999 865 πῶς
1029 815 1133 871 ἔχεις
1160 815 1259 871 μετ’
1288 817 1412 872 ἐμοῦ,

340 933 575 974 Athenaeus
606 933 621 971 1
652 946 691 984 p.
714 932 763 971 11
783 944 818 971 c.
850 931 901 971 de
929 931 1097 983 prandio
1128 932 1235 982 quod
1265 926 1443 984 ἄριστον
1473 934 1679 974 Homerus

231 1004 350 1044 dicit:
388 1001 497 1053 λέγει
536 998 580 1039 δὲ
618 998 667 1039 τὸ
706 996 894 1054 πρωινὸν
930 995 1158 1052 ἔμβρωμα,
1197 995 1225 1039 ὃ
1258 997 1375 1053 ἡμεῖς
1412 997 1680 1055 ἀκρατισμὸν

229 1069 466 1123 καλοῦμεν,
511 1067 583 1108 διὰ
614 1067 664 1108 τὸ
694 1068 740 1108 ἐν
767 1063 939 1123 ἀκράτῳ
977 1066 1143 1121 βρέχειν
1172 1069 1245 1109 καὶ
1282 1069 1552 1125 προσίεσθαι
1579 1082 1678 1123 ψω-

229 1136 349 1194 μούς,
387 1135 445 1186 ιὸς
478 1135 757 1191 Ἀντιφάνης
786 1133 1004 1191 ’Ἀριστον
1032 1163 1086 1170 —
1115 1138 1241 1188 ποιεῖ,
1278 1129 1358 1178 εἶτ’
1390 1135 1535 1191 ἐπάγει
1563 1139 1678 1180 Συν-

229 1205 565 1264 ακρατίσασθαι
593 1207 681 1248 κτλ.
740 1208 850 1250 Vs.2
880 1204 969 1253 πῶς
998 1202 1102 1260 ἔχεις
1127 1202 1227 1261 μετ’
1248 1206 1373 1261 ἕμοῦς
1402 1211 1678 1257 Gasaubonus,

230 1293 320 1327 πως
349 1275 454 1332 ἔχεις
481 1273 580 1332 μετ’
612 1275 731 1332 ἐμοῦ.
761 1277 847 1319 VL.

882 1388 1051 1430 XXVII.

1018 1466 1124 1511 Οὐδ’
1156 1462 1271 1527 ἧψεν
1298 1473 1399 1528 κρέα

449 1551 553 1596 οὐδ’
583 1552 840 1608 ἐγκέφαλον·
869 1549 994 1594 ιῖίπτα
1025 1552 1069 1594 δὲ
1099 1555 1173 1595 καὶ
1203 1553 1278 1605 τὰς
1306 1555 1482 1607 κοιλίας.

450 1632 563 1679 οὕτω
593 1632 753 1693 σφόδρ’
785 1626 840 1686 ἦν
869 1632 1060 1692 ἀρχαῖος.

338 1753 575 1793 Athenaeus
605 1751 623 1791 1
653 1765 692 1804 p.
723 1751 842 1790 12b.
873 1747 1165 1804 παρετίθεντο
1195 1749 1241 1791 δὲ
1271 1752 1398 1805 (apud
1428 1754 1701 1830 Homerum)

229 1821 271 1861 οἱ
300 1822 379 1874 μὲν
408 1817 534 1874 ἄρτοι
563 1816 644 1858 σὺν
672 1819 760 1866 τοῖς
791 1819 958 1869 κανοῖς,
988 1817 1043 1858 τὰ
1072 1818 1117 1859 δὲ
1147 1818 1300 1860 δεῖπνα
1328 1820 1430 1873 κρέα
1457 1817 1595 1874 μόνον
1623 1812 1701 1871 ἦν

229 1886 357 1932 ὀπτά.
423 1887 610 1942 ,,Ζωμὸν
651 1886 696 1927 δὲ
731 1885 806 1927 οὐκ
842 1886 978 1928 ἐποίει
1002 1882 1199 1944 ςΌμηρος
1237 1885 1364 1929 θύων
1401 1889 1527 1942 βοῦς,
1574 1887 1672 1931 οὐδ’

226 1951 341 2012 ἧψεν
369 1958 470 2013 κρέα
502 1982 552 1990 —
584 1950 696 1997 οὕτω
726 1952 888 2012 σφόδρ’
919 1947 974 2007 ἦν
1002 1954 1218 2012 άρχαῖος.”
1248 1953 1520 2012 Ἀντιφάνης
1548 1957 1672 2014 φησί.

227 2030 414 2071 Priorem
434 2029 652 2082 fragmenti
675 2035 833 2082 partem
858 2041 949 2068 cum
978 2029 1143 2081 reliquis
1173 2031 1230 2070 ita
1260 2030 1506 2082 coniungere
1522 2031 1675 2083 possis=
1692 2030 1697 2059 Γ

859 2090 1056 2150 Όμηρος
1085 2096 1189 2149 βοῦς
1218 2094 1346 2137 θύων

448 2161 648 2205 οὐδέποτ’
681 2158 816 2205 ἐποίει
845 2162 998 2218 ζωμόν,
1030 2163 1131 2207 οὐδ’
1164 2159 1279 2219 ἧψεν
1305 2167 1409 2222 κρέα
1437 2194 1491 2200 -

226 2235 274 2276 ln
303 2229 434 2274 θύειν
462 2235 584 2276 huius
614 2237 757 2276 aetatis
787 2242 933 2289 poetae
962 2238 1132 2289 primam
1162 2239 1357 2290 syllabam
1387 2217 1692 2292 nonnunquam}²

225 2305 463 2358 corripiunt.
528 2305 591 2346 Ad
620 2318 707 2345 rem
738 2306 864 2358 ipsam
895 2306 990 2346 facit
1019 2308 1223 2348 annotatio
1254 2308 1496 2348 scholiastae
1525 2307 1689 2360 Veneti

225 2374 277 2414 ad
306 2375 430 2415 Hom.
461 2373 576 2413 Iliad.
608 2367 653 2426 φ’
684 2375 787 2414 362:
829 2367 897 2414 ὅτι
925 2365 1042 2415 οἶδεν
1071 2374 1232 2429 ἕψησιν
1259 2388 1403 2431 κρεων,
1427 2374 1686 2434 χρωμένους

226 2440 272 2480 δὲ
302 2440 402 2490 τούς
430 2435 574 2496 η’ρωας
603 2439 655 2482 οὐ
681 2438 946 2497 παρεισάγει.

504 2647 662 2692 ’Έστιν
691 2649 807 2707 ὄψον
829 2649 1034 2708 χρηστόν,
1065 2649 1289 2704 ἐπαγωγὸν
1317 2646 1446 2703 πάνυ,

445 2722 560 2782 οἶνός
589 2748 632 2775 τε
664 2732 824 2784 Θάσιος
851 2736 925 2777 καὶ
952 2732 1091 2791 μύρον
1118 2735 1192 2776 καὶ
1221 2733 1461 2789 στέμματα.
1607 2727 1612 2731 ’
1660 2752 1696 2781 μ
