1702 3158
219 204 300 244 122
784 196 1124 238 ANTIPHANIS

218 328 257 367 p.
286 314 381 352 629.
424 333 475 339 —
536 309 604 350 Vs.
635 308 662 347 4
691 303 746 346 τὰ
775 307 931 346 addidit
960 305 1391 356 Schweighaeuserus.
1426 304 1488 337 '—
1537 308 1613 349 Vs.
1642 311 1668 348 6

217 379 297 431 τὴν
325 377 504 428 ἀληθῶς
534 391 607 430 pro
640 371 846 424 τάληθῶς
875 376 1055 414 Grotius.
1115 399 1167 406 —-
1227 375 1297 415 Vs.
1327 376 1353 414 7
1393 376 1485 416 libri
1521 373 1667 416 κισσὸ-

218 449 404 499 πληκτα,
437 449 511 488 nisi
542 446 651 498 quod
682 447 716 486 A
747 445 872 483 habet
901 441 1181 491 κισοπληκτα.
1232 444 1402 484 Correxi
1431 446 1568 485 multis
1597 447 1673 486 ah-

217 521 311 560 hinc
340 518 454 558 annis
486 517 737 567 Programm.
769 513 898 552 schol.
929 527 964 552 a.
998 514 1103 551 1811
1137 513 1259 553 edito.
1329 514 1446 554 Nunc
1482 516 1589 562 idem
1621 528 1670 556 ex

218 588 393 629 Dobraei
423 586 590 625 Advers.
623 585 659 623 11
689 598 726 635 p.
757 583 838 622 349
870 583 1074 633 prolatum
1106 586 1179 621 est.
1224 606 1275 612 ——
1320 583 1390 623 Vs.
1421 585 1448 623 8
1488 577 1692 623 ἄνθ·εσι-“

216 653 385 697 notata
423 652 553 706 μέλεα
594 652 811 692 Elmsleius
849 651 899 690 ad
940 651 1147 703 Aristoph.
1179 651 1353 691 Acharn.
1385 653 1507 694 1151.
1567 654 1668 695 eod.

219 729 321 769 Ven.
357 716 691 762 ἀνθεσιπότατα
733 733 778 759 τε
815 718 956 771 μέλεα,
1030 722 1270 761 Ceterorum
1302 720 1497 763 librorum
1527 734 1668 763 corru-

216 796 346 849 ptelas
377 793 511 832 attulit
542 791 787 832 Dindorfius.

818 916 1074 924 ————--

675 1050 1220 1094 ΤΥΡΡΙΙΝΟΣ.

376 1259 534 1317 Ἀρετὴ
568 1257 616 1300 τό
648 1261 803 1315 προῖκα
833 1260 921 1308 τοῖς
952 1256 1095 1312 ([ίλοις
1124 1258 1361 1314 ὑπηρετεῖν.

377 1345 433 1388 B.
463 1344 595 1397 λέγεις
625 1341 814 1385 ἔσεσθαι
847 1341 920 1383 τὸν
958 1343 1245 1399 Τιθύμαλλον
1270 1339 1498 1386 πλούσιον·

381 1425 656 1483 εἰσπράξεται
685 1425 768 1483 γᾴρ
796 1427 970 1482 μισθὸν
998 1429 1042 1470 ἐκ
1074 1429 1150 1470 τοῦ
1176 1429 1256 1470 σοῦ
1284 1424 1415 1480 λόγου

380 1510 488 1567 παρ’
519 1504 585 1560 οἷς
613 1508 796 1553 ἐδείπνει
826 1513 981 1567 προῖκα
1012 1509 1209 1564 σύλλεξιν
1238 1509 1411 1566 συχνήν.

326 1624 561 1665 Athenaeus
590 1624 647 1664 Vl
681 1637 719 1675 p.
749 1625 831 1664 240
849 1625 877 1664 f.
916 1625 967 1664 de
997 1626 1246 1678 Tithymallo
1277 1623 1451 1676 parasito
1488 1619 1662 1660 comico-

214 1706 304 1734 rum
343 1688 517 1747 χρήσεις
561 1693 761 1733 afl'erens:
813 1689 1088 1748 Ἀντιφάνης
1142 1692 1344 1748 Τυρρηνῷ
1394 1687 1554 1746 Ἀρετὴ
1612 1684 1663 1728 τὸ

215 1762 372 1816 προῖκα
401 1761 488 1803 κτλ.
565 1765 632 1804 νε.
666 1765 686 1802 l
735 1765 898 1803 codices
936 1765 1025 1804 sere
1064 1762 1147 1817 γὰρ
1181 1762 1305 1811 ε’τητὸ
1335 1776 1409 1815 pro
1439 1757 1566 1814 ἀρετὴ
1596 1755 1660 1807 τό,

214 1832 323 1884 quod
360 1832 639 1884 reponendum
679 1846 769 1872 esse
809 1835 906 1871 vidit
947 1834 1181 1873 Erfurdtius
1212 1834 1380 1872 Observ.
1411 1846 1450 1884 p.
1480 1831 1576 1870 447.
1606 1854 1661 1861 --
1698 1883 1700 1887 X

213 1902 284 1944 Vs.
313 1903 340 1940 2
369 1897 446 1939 τὸν
474 1901 629 1940 addidit
658 1902 1078 1955 Schweighaeuserus.
1139 1928 1183 1934 —-
1237 1903 1304 1943 Vs.
1335 1903 1361 1940 3
1390 1895 1662 1953 εἰσπράξεται

212 1984 288 2025 pro
330 1958 376 2010 εὗ
415 1966 623 2023 πράξεται
671 1972 945 2012 Casanbonus.
1004 1998 1059 2003 ——
1119 1973 1186 2013 Vs.
1227 1973 1253 2012 4
1297 1972 1390 2011 libri
1431 1968 1658 2020 συλλέξειν.
1697 2005 1702 2007 .

214 2042 475 2082 casaubonus
506 2037 714 2090 σύλλεξιν.
746 2042 979 2081 Dindorfius
1009 2036 1113 2094 παρ’
1147 2034 1210 2087 οἷς
1242 2053 1284 2079 τε
1314 2039 1480 2080 δειπνεῖ
1502 2039 1658 2094 προῖκα

213 2108 403 2159 συλλέξει
432 2106 605 2162 συχνήν.
663 2111 867 2162 Sequutus
897 2124 986 2150 sum
1017 2112 1320 2158 casaubonum,
1352 2112 1419 2162 qui
1448 2111 1503 2150 ita
1532 2111 1658 2150 inter-

213 2184 397 2234 pretatur
426 2182 582 2220 locum:
612 2194 730 2229 nam,
760 2186 806 2220 ut
837 2186 911 2220 tua
942 2182 1078 2220 oratio
1108 2185 1183 2229 est,
1214 2186 1434 2219 exacturus
1463 2187 1526 2219 est
1551 2193 1656 2219 mer-

215 2252 354 2292 cedem
390 2250 442 2290 ab
482 2251 557 2298 iis,
598 2251 711 2303 apud
747 2263 844 2303 quos
888 2234 1146 2298 coenaverit,
1191 2243 1404 2290 collectam
1448 2263 1656 2303 magnam.

215 2322 357 2368 Recte,
381 2323 426 2359 ut
447 2320 619 2368 videtur,
645 2333 729 2359 rem
755 2321 958 2372 expedivit
975 2320 1223 2369 Erfurdtius,
1239 2321 1352 2359 cuius
1370 2320 1472 2359 haec
1496 2324 1558 2359 est
1584 2332 1654 2359 an-

215 2389 380 2429 notatio.
439 2390 577 2437 „Inest
604 2390 645 2429 in
675 2390 750 2428 hac
780 2390 1334 2441 argumentationeacumen
1377 2390 1654 2442 sophisticum,
1684 2415 1688 2417 μ

215 2459 325 2510 quod
354 2459 497 2510 partim
530 2459 640 2498 vocis
672 2459 826 2511 προῖκα
857 2460 1139 2511 ambiguitate,
1166 2462 1311 2511 partim
1343 2459 1528 2511 argutula
1557 2471 1655 2510 qua-

215 2528 307 2568 dam
346 2528 652 2579 loquutionum,
691 2527 779 2574 τοῖς
816 2524 960 2580 φίλοις
997 2523 1220 2581 ὑπηρετεῖν
1250 2534 1290 2567 et
1319 2524 1438 2580 παρὰ
1465 2526 1553 2574 τοῖς
1582 2524 1655 2580 φί-

202 2594 304 2643 ,λοις
339 2593 548 2646 δειπνεῖν,
585 2597 826 2638 confusione
863 2598 1104 2638 continetur.
1162 2598 1205 2637 Si
1235 2598 1359 2636 virtus
1388 2601 1471 2646 est,
1512 2597 1655 2648 inquit,

214 2656 393 2720 gratuito
419 2667 646 2707 ministrare
675 2667 833 2716 amicis,
863 2667 1048 2720 profecto
1077 2679 1156 2707 non
1186 2666 1416 2717 quaerenda
1446 2680 1493 2707 ea
1523 2671 1585 2706 est
1614 2667 1654 2708 in

217 2735 488 2789 Tithymallo,
524 2736 875 2789 impudentissimo
913 2748 1143 2778 mensarum
1184 2736 1339 2776 assecla
1381 2741 1422 2776 et
1458 2737 1507 2777 ab
1547 2735 1684 2777 omni'
