1702 3158
312 130 710 177 ΔΗΜΗΤΡΙΟΣ
743 132 799 174 Η
829 129 1236 175 ΦΙΛΕΤΑΙΡΟΣ.
1440 133 1524 174 405

0 270 9 273 ·
49 250 282 294 λέπεσθαι,
341 247 425 305 ἔχει
464 245 507 291 δ’
542 245 567 299 ἡ
598 242 813 301 σύμπασα
842 243 995 298 ἐκλογή
1025 239 1186 296 οὕτως,
1225 235 1338 286 οὖσα
1369 244 1413 287 ἐκ
1443 245 1523 287 τοῦ

48 321 412 377 διεσκευασμένου
449 315 690 375 δράματος,
730 311 758 357 ὂ
794 312 1082 372 ἐπιγράφεται
1123 313 1370 372 Δημήτριος
1405 314 1521 362 'Boia'-⁴

49 406 142 448 ψον
169 393 260 435 κτλ.
319 396 381 436 Ex
410 394 624 436 Athenaeo
656 391 775 444 petiit
806 391 1046 430 Eustathius
1077 389 1127 430 ad
1147 390 1261 430 Iliad.
1280 404 1318 443 p.
1339 390 1447 431 1752
1478 392 1518 432 2.

50 467 113 509 De
141 467 268 507 verbo
297 462 516 505 λέπεσθαι
545 462 627 504 dixi
656 462 706 502 ad
740 461 1012 502 Mnesimachi
1046 462 1236 515 Hippotr.
1269 475 1326 503 vs.
1352 462 1419 503 18.

753 585 824 627 VI.

270 666 562 724 ’θμοιότατος
590 666 834 725 ἄνθρωπος
864 667 967 725 οἴνῳ
997 667 1077 719 τὴν
1106 666 1243 724 qiam

271 752 434 809 τρόπον
464 753 551 796 τιν’
581 754 685 796 ἐστί.
747 755 822 795 καὶ
853 752 935 810 γὰρ
966 745 1088 795 οἶνον
1119 754 1195 795 τὸν
1226 754 1325 795 νέον

270 838 407 891 πολλή
437 837 529 882 ’στ’
562 836 731 892 ἀνάγκη
762 840 838 880 καὶ
867 838 945 880 τὸν
974 836 1102 894 ἄνδρ’
1135 838 1344 890 ἀποζέσαι

267 925 511 985 πρώτιστον
542 922 792 981 ἀφυβρίσαι
823 921 880 976 τ’,
911 921 1248 976 ἀπανθήσαντα
1279 923 1326 964 δέ

210 1019 237 1059 5
268 1011 456 1069 σκληρὸν
486 1012 711 1065 γενέσθαι,
744 1008 1101 1066 παρακμάσαντα
1135 1008 1185 1050 δ’
1214 1001 1276 1050 ὦν
1307 1009 1418 1062 λέγω

268 1096 434 1141 τούτων
464 1094 684 1147 ἁπάντων,
715 1093 1009 1153 ἀπαρυθέντα
1040 1094 1120 1146 τὴν
1151 1092 1241 1136 ἄνω

270 1181 437 1235 ταύτην
466 1179 623 1224 ἄνοιαν
652 1181 1018 1233 ἐπιπολάζουσαν,
1049 1178 1144 1222 τότε

266 1267 456 1324 πότιμον
484 1269 698 1323 γενέσθαι
727 1269 801 1309 καὶ
831 1267 1111 1317 καταστῆναι
1143 1263 1292 1317 πάλιν,

266 1351 378 1405 ἡδύν
406 1351 462 1395 θ’
495 1348 638 1395 ἅπασι
667 1350 955 1395 τούπίλοιπον
987 1352 1215 1394 διατελεῖν.

153 1459 356 1501 Stobaeus
386 1459 530 1500 Florii.
564 1458 675 1500 CXV
704 1459 730 1497 7
763 1470 855 1497 cum
887 1458 1082 1498 lemmate
1108 1451 1338 1507 Ἀλέξιδος
1369 1453 1414 1494 ἐκ
1432 1454 1519 1504 Δη-

39 1527 239 1585 μητρίου.
299 1531 396 1580 εἰπε
427 1530 592 1569 fabulae
635 1530 800 1569 nomine
843 1529 952 1568 idem
995 1530 1111 1569 locus
1153 1535 1215 1568 est
1246 1528 1354 1581 apud
1387 1527 1517 1568 Athe-

40 1614 188 1643 naeum
227 1601 264 1641 11
303 1615 344 1653 p.
374 1601 492 1640 36e:
523 1594 702 1648 ''Ategeg
741 1596 786 1637 δέ
826 1594 913 1638 πού
953 1611 1092 1655 φησιν
1129 1594 1187 1646 ὠς
1222 1594 1518 1651 “(.)μοιότατος

36 1670 128 1713 κτλ.
169 1677 212 1712 et
248 1673 356 1724 apud
393 1671 654 1712 Eustathium
686 1670 738 1710 ad
766 1669 881 1710 Iliad.
914 1684 953 1725 p.
986 1671 1097 1710 1449
1128 1671 1196 1710 24.
1263 1670 1335 1710 Vs.
1367 1670 1388 1707 l
1422 1669 1517 1708 Sto-

37 1745 166 1786 baeus
195 1738 473 1796 ὁμοιότατον.
531 1767 588 1775 --
647 1742 718 1783 Vs.
749 1742 776 1781 2
806 1740 882 1780 καὶ
909 1738 992 1795 γὰρ
1023 1755 1098 1794 pro
1130 1737 1207 1779 τὸν
1236 1735 1318 1792 γὰρ
1349 1739 1518 1781 Stobaei

38 1816 132 1858 cod.
162 1816 292 1856 Paris.
353 1836 403 1844 -
456 1813 527 1855 Vs.
558 1813 584 1852 3
629 1806 767 1860 πολλη
800 1806 845 1863 γ’
878 1806 1044 1863 ἀνάγκη
1077 1812 1280 1852 Stobaeus
1312 1816 1354 1850 et
1385 1811 1516 1851 Athe-

34 1887 133 1966 ,οιαὶ
163 1887 249 1928 VL.
309 1879 448 1933 πολλή
489 1879 534 1922 τ’
567 1877 738 1934 ἀνάγκη
769 1884 891 1924 ΒΟΙ).
953 1884 1066 1923 Hinc
1096 1882 1334 1923 Dindorfius
1375 1877 1514 1931 πολλή

34 1951 128 1998 ”ot
171 1951 352 2009 ανάγκη.
427 1956 478 1997 V.
525 1956 810 1995 Hermannum
850 1954 902 1994 ad
946 1955 1072 2007 Soph.
1118 1954 1272 1994 Trach.
1316 1953 1414 1993 294.
1459 1979 1514 1985 -—-

37 2028 109 2071 vs.
139 2029 167 2068 4
219 2029 420 2069 Stobaeus
464 2019 767 2080 ἀφυβρισαντ’
815 2020 1125 2073 ἀποινησαντα
1174 2021 1234 2063 δέ.
1311 2024 1515 2065 Athenaei

41 2099 133 2139 libri
163 2098 253 2138 sere
284 2112 427 2138 omnes
458 2093 708 2150 ἀφυβρίσαι
737 2108 781 2134 τε
813 2090 1085 2144 ἀπανθῆσαι
1116 2088 1262 2145 πάλιν,
1296 2096 1373 2134 nisi
1404 2094 1514 2146 quod

41 2170 73 2211 G
102 2164 374 2217 ἀπανθίσαι,
414 2171 448 2209 Ε
481 2163 774 2216 ἀπαντοῦσαι,
818 2168 851 2209 L
881 2162 926 2206 κ’
957 2180 1031 2219 pro
1063 2178 1121 2204 τε.
1190 2166 1381 2206 Correxit
1418 2165 1514 2205 Val-

40 2241 253 2282 ekenarius
296 2239 347 2279 ad
392 2240 592 2279 Herodot.
642 2239 700 2280 lx
739 2240 811 2286 31,
853 2244 894 2277 et
939 2243 1084 2290 postea
1129 2237 1359 2276 Brunckius
1405 2235 1514 2288 apud

43 2311 497 2363 Schweighaeuserum‚
529 2311 644 2350 cuius
674 2309 779 2348 haec
808 2315 870 2348 est
901 2309 1126 2348 annotatio.
1177 2310 1312 2358 „Apte
1342 2307 1444 2346 haec
1472 2307 1514 2346 in

38 2381 230 2421 invenem
268 2383 541 2430 conveniunt,
582 2382 651 2432 qui
690 2386 906 2432 postquam
939 2380 1095 2431 primae
1128 2379 1328 2430 pueritiae
1370 2377 1446 2417 flos
1473 2382 1515 2419 et

42 2452 192 2503 gratia,
230 2464 333 2503 quae
371 2439 501 2504 ipsam
534 2452 655 2491 etiam
687 2452 954 2503 petulantiam
988 2451 1283 2496 comitabatur,
1322 2448 1513 2497 decessit,

45 2519 168 2560 durus
196 2522 243 2560 fit
273 2529 314 2562 et
343 2524 537 2571 acerbus3
579 2522 925 2574 quemadmodum
967 2527 1008 2561 et
1046 2522 1087 2560 in
1126 2533 1204 2559 uva
1245 2520 1415 2571 aliisque
1446 2533 1511 2558 ar-

46 2589 190 2628 borum
228 2590 448 2642 fructibus,
492 2600 706 2646 postquam
747 2593 901 2633 decIdit
936 2593 1036 2640 flos,
1085 2593 1310 2643 insequens
1350 2590 1511 2630 fructus

45 2657 334 2722 durus-statim
365 2669 406 2703 et
434 2665 607 2704 acerbus
639 2670 724 2704 est:
762 2665 848 2704 sive
887 2663 939 2703 ad
970 2663 1149 2702 recentis
1182 2661 1262 2701 vini
1289 2662 1415 2700 flores
1446 2674 1512 2700 re·

46 2727 162 2769 ferre
191 2729 410 2782 malueris,
444 2735 591 2786 quibus
620 2740 787 2788 peraeta
818 2734 1132 2776 effervescentia
1161 2734 1203 2773 in
1235 2731 1408 2773 fundum
1440 2731 1512 2771 de-
