1702 3158
243 147 327 187 46⁰
838 147 1096 190 Amxmls

409 254 534 299 ἔσται
561 254 611 311 γ’
643 250 750 299 ὅσον
777 253 833 297 ἂν
861 254 1128 312 βουλώμεθ’,
1156 255 1279 299 ἔσται
1307 257 1380 299 καὶ
1405 257 1525 313 μάλα

405 336 512 391 ἡδύς
541 336 604 394 γ’,
633 337 818 389 ὀδόντας
847 335 925 381 οὐκ
952 338 1073 395 ἔχων,
1099 337 1185 392 ἤδη
1215 339 1394 396 σαπρὸς,

408 423 555 477 λέγων,
583 423 717 478 γέρων
745 439 791 478 γε
820 422 1066 479 δαιμονίως.
1123 424 1179 468 Α.
1203 421 1451 479 ἀσπάζομαι

404 505 541 560 γραῦν
569 505 750 562 σφίγγα.

348 620 586 661 Athenaeus
614 619 652 660 X
681 633 721 672 p.
749 620 830 660 441
847 632 890 662 e:
920 615 1096 672 ’Ἄλεξις
1137 618 1183 662 δ’
1211 619 1257 662 ἐν
1282 617 1564 678 Ὀρχηστρίδι
1593 618 1679 660 Tv-

239 685 355 738 ναιξὶ
393 685 442 728 δ’
470 684 593 742 ἀρκεῖ
625 683 758 728 πάντ’
787 715 839 723 --
880 686 1131 744 ἀσπάζομαι
1165 690 1302 746 γραῦν
1338 689 1516 747 σφίγγα.
1573 687 1682 744 πρὸς7

237 754 310 808 ἐμὲ
347 752 404 805 ιῦς
441 752 680 811 αἰνίγματα
715 756 825 811 λέγει
859 758 932 799 καὶ
960 757 1014 799 τὰ
1042 757 1186 801 λοιπά.
1255 764 1327 805 Vs.
1356 765 1384 803 3
1424 754 1529 803 ὅσον
1557 762 1678 803 CVL.

237 820 286 873 ὃς
314 829 363 868 Δ.
404 823 462 875 ὥς
493 829 613 870 PVL.
657 852 712 861 ——-
754 829 825 870 Vs.
853 829 880 870 4
908 824 1024 878 ἡδύς.
1068 831 1130 872 Ila
1157 832 1250 872 libri
1280 832 1347 884 qui
1377 826 1539 884 quidem
1569 843 1682 871 com-

235 898 367 949 parati
395 902 491 938 sunt
519 910 675 948 omnes,
703 897 823 938 etiam
852 899 899 939 G.
973 901 1028 941 At
1056 901 1294 941 Eustnthius
1322 898 1454 948 πολὺς
1481 900 1533 941 nd
1563 900 1678 941 Iliad.

235 978 278 1019 p.
309 966 418 1006 1449
446 968 495 1007 7:
535 958 630 1006 οἷον
655 965 789 1020 γέρων
817 956 933 1015 οἶνος
965 964 1151 1020 Θάσιος,
1180 963 1286 1024 ὅπερ
1312 966 1518 1023 ἡδύτερον
1545 966 1569 1009 ὁ
1595 983 1677 1010 κω·

234 1032 359 1088 μικὸς
397 1031 572 1086 ''Al-egee
618 1031 792 1090 φράζων
829 1034 967 1089 φησίν
1009 1028 1137 1086 Οἶνος
1175 1038 1246 1079 καὶ
1286 1032 1417 1091 μάλα
1442 1033 1574 1087 πολύς
1612 1053 1672 1091 γε,

235 1099 421 1151 ὀδόντας
448 1100 525 1144 οὐκ
555 1101 674 1158 ἔχων,
703 1100 787 1153 ἤδη
817 1101 995 1159 σαπρός,
1025 1105 1159 1162 γέρων
1186 1121 1231 1159 γε
1262 1104 1508 1160 δαιμονίως.
1567 1109 1675 1150 Hinc

236 1174 457 1215 Piersonus
485 1175 537 1215 nd
567 1174 729 1215 Moerin
758 1187 798 1226 p.
828 1175 912 1215 353
947 1177 1081 1216 inutili
1108 1177 1340 1218 coniectura
1363 1179 1565 1219 scribebat
1593 1189 1677 1217 πο-

234 1239 339 1291 λιός.
373 1269 427 1277 -
458 1244 528 1285 Vs.
557 1244 584 1284 5
613 1241 746 1294 λέγων
773 1244 823 1283 ab
851 1246 1067 1287 Eustathio
1097 1248 1288 1288 omissum
1316 1249 1359 1288 in
1387 1244 1520 1300 γελῶν
1547 1252 1678 1288 muta·

232 1315 293 1354 vit
320 1313 401 1355 Th.
429 1313 628 1366 Bergkius
657 1313 699 1354 in
729 1313 1045 1356 Zimmermanni
1073 1317 1248 1369 Ephem.
1277 1318 1383 1359 stud.
1413 1319 1596 1370 antiquit.
1619 1317 1678 1359 1v

232 1385 256 1423 1
287 1397 328 1436 p.
357 1384 427 1432 48,
455 1383 549 1422 lene
577 1382 713 1422 viuum
741 1383 1003 1437 intellegens3
1036 1398 1139 1437 quae
1167 1387 1409 1440 perelegans
1447 1389 1678 1429 coniectura

231 1457 308 1493 est.
349 1453 508 1494 Vereor
537 1457 671 1492 tamen
700 1465 753 1492 ne
781 1453 891 1493 aliud
920 1454 1017 1506 quid
1045 1455 1182 1496 lateat.
1229 1458 1420 1498 Fortasse
1447 1456 1581 1511 γέρων
1609 1456 1677 1510 γέ-

235 1532 322 1574 ρων
360 1533 404 1572 ye
446 1516 680 1573 δαιμονίως
716 1522 989 1564 scribendum.
1057 1526 1172 1577 Quae
1210 1530 1302 1579 post
1337 1523 1474 1580 γραῦν
1508 1523 1674 1580 σφίγγα

233 1591 466 1631 inferuntur
501 1591 624 1630 verba
659 1586 766 1643 πρὸς
794 1588 866 1643 ἐμὲ
905 1590 997 1633 nti-2
1046 1606 1094 1634 ea
1140 1607 1274 1647 neque
1311 1596 1492 1638 Alexidis
1539 1609 1673 1650 neque

234 1660 434 1704 Athenaei
463 1672 554 1701 esse
582 1659 681 1702 vidit
710 1660 958 1703 Dindorfius.

697 1846 751 1886 Π
775 1847 819 1887 Α
846 1848 894 1889 Λ
914 1847 962 1888 Λ
986 1847 1032 1887 Α
1059 1847 1108 1888 Κ
1135 1848 1197 1889 H.

895 1952 982 1997 Οὐκ
1009 1954 1089 2011 ἔχω
1118 1955 1199 2013 γὰρ
1226 1956 1331 1999 ἄλλ’
1356 1955 1384 2002 ὅ
1409 1976 1452 2002 τι

563 2037 667 2078 εἴπω
696 2037 874 2088 τοναὶας
903 2038 1159 2092 τηλικαύτης
1187 2038 1323 2093 ἄξιον.

341 2140 514 2181 Photius
531 2140 628 2181 LeX.
646 2154 685 2194 p.
704 2142 788 2181 594
815 2143 882 2183 22.
919 2140 1131 2184 Τοναίαν;
1152 2140 1328 2196 ’Ἄλεξις
1344 2146 1558 2207 Παλλακῇ
1584 2147 1669 2190 Οὐκ

231 2206 312 2264 ἔχω
339 2235 394 2243 .-.
423 2204 558 2261 ἄξιον.
615 2204 640 2258 ἡ
678 2206 758 2263 γὰρ
798 2207 868 2248 ἐπὶ
907 2209 1017 2251 πολὺ
1051 2210 1127 2262 τῆς
1164 2215 1311 2268 ᾳωνῆς
1350 2213 1564 2267 ἀπότασις
1591 2233 1669 2260 κα-

229 2279 366 2320 λεῖται
393 2276 562 2319 τοναία.
619 2280 729 2320 Hine
758 2281 916 2334 corrige
946 2283 1124 2336 Etymol.
1152 2285 1212 2326 Μ.
1241 2301 1281 2340 p.
1297 2289 1375 2328 761
1406 2289 1484 2330 56:
1513 2273 1670 2330 τοναία

233 2345 464 2402 (”Αλεξις)
499 2342 717 2397 παλλακή·
758 2344 785 2397 ἡ
824 2347 907 2403 γὰρ
943 2349 1124 2392 ἐπιπολὺ
1158 2352 1234 2404 τῆς
1272 2355 1418 2411 φωνῆς
1454 2350 1668 2408 ἀπότασις

230 2417 423 2460 καλεῖται
452 2414 620 2460 τοναία.
658 2419 703 2459 ln
732 2419 912 2460 Alexidis
941 2423 1076 2463 verbis
1103 2426 1285 2477 proxime
1312 2429 1580 2479 praecessisse
1608 2430 1666 2470 vi-

233 2490 353 2530 detur
377 2488 516 2542 ληρεΐς
544 2489 609 2530 vel
639 2489 769 2530 simile
799 2490 907 2541 quid.

823 2639 1081 2651 ——--—--...
