1702 3158
626 149 909 194 EUBULUS.

29 271 72 310 et
101 280 240 309 emere
270 278 397 321 parvo
425 265 558 319 pretio
587 265 721 306 noctis
750 265 971 318 gaudium3

30 353 128 390 non,
158 352 264 392 quae
293 350 362 379 res
389 336 513 378 foeda
543 340 619 386 est,
648 335 761 376 furto
792 337 1002 379 Venerem
1030 346 1245 388 quaerere,

27 409 323 464 protervitatis,
353 407 464 448 baud
493 406 644 448 amoris
671 406 840 459 gratia?

505 559 1017 604 ΟΙΔΙΠΟΥΣ.

30 652 93 692 De
122 650 256 691 alieno
285 649 440 703 primns
472 649 541 702 qui
572 648 748 690 coenare
777 648 977 702 repperit,

29 722 123 771 fuit,
152 725 197 761 ut
225 733 293 760 res
321 707 741 770 monstrat,‘moribus
772 719 1053 779 popularibus.

31 797 74 832 at
103 791 286 844 quisquis
315 790 366 830 ad
396 780 564 831 coenam
596 796 665 832 aut
694 791 870 831 amicum
901 793 971 830 aut
999 788 1205 842 hospitem

29 861 197 909 vocavit,
228 874 275 901 ac
305 860 455 901 deinde
485 863 617 914 poscit
646 862 888 914 symbolam,

28 937 94 972 eat
121 932 162 971 in
193 931 369 980 exilium,
400 930 474 971 sed
503 931 606 971 nihil
637 935 856 985 exportans
890 930 1027 970 domo.

390 1085 661 1127 ΣΕΜΕΛΗ
697 1086 756 1127 Η
797 1083 1125 1130 ΔΙΟΝῩΣΟΣ,

742 1173 775 1213 1.

28 1245 135 1286 Tres
165 1257 243 1298 ego
273 1248 451 1285 crateras
482 1243 593 1285 solos
623 1243 688 1284 his
718 1243 835 1296 queis
867 1256 939 1285 cor
969 1246 1075 1299 sapit

0 1345 2 1350 .
29 1317 201 1356 miscere
230 1316 358 1357 soleo.
416 1315 580 1355 sanitati
610 1315 644 1354 ie
674 1318 736 1355 est
768 1327 886 1356 sacer

29 1387 97 1439 qui
124 1387 279 1440 primus
310 1385 480 1426 bibitur:
511 1385 681 1426 alteram
712 1385 791 1425 sibi
820 1385 1029 1426 vindicant

0 1479 1 1501 ᾗ
25 1468 141 1498 amor
169 1460 211 1497 et
239 1456 453 1509 voluptas:
483 1457 651 1497 tertium
682 1456 814 1509 poscit
844 1469 992 1510 sopor:

27 1539 150 1579 quem
179 1530 394 1580 postquam
425 1525 646 1567 ebiberunt
675 1526 745 1580 qui
775 1539 868 1568 esse
888 1529 1106 1585 ¹sapientes
1140 1528 1285 1570 volunt

0 1610 4 1629 ¹
30 1597 195 1638 domum
221 1598 445 1639 recedunt:
476 1601 648 1650 quartus
679 1598 970 1649 contumeliae,

0 1663 3 1668 '
32 1679 114 1708 non
139 1667 246 1708 ultra
274 1672 436 1709 nosterz
465 1669 634 1722 quintus
663 1667 1002 1715 vociferantium:

30 1742 169 1779 sextus
197 1738 422 1791 nequitiae:
454 1739 696 1793 saginarum
727 1739 957 1792 septimus:

1 1806 4 1856 ᾖ
31 1812 199 1849 octavus
228 1809 500 1850 revocatoris:
530 1821 664 1850 nonus
693 1809 787 1850 bilis
818 1814 905 1850 est:

2 1867 3 1915 ἶ
29 1878 212 1920 decimus
240 1878 407 1930 furoris,
436 1879 519 1921 tela
546 1885 593 1920 nt
622 1881 836 1921 mittantur
867 1892 1045 1933 quoqne.

3 1969 5 1975 v
29 1961 122 1990 nam
153 1950 278 1991 Liber
306 1949 460 1991 multus
488 1963 616 2004 parvo
639 1951 804 1993 infusus
835 1952 1003 1992 vasculo

29 2030 125 2060 auca
153 2023 359 2073 potatores
387 2021 511 2063 facile
542 2023 691 2063 evertit
721 2036 746 2063 e
775 2023 921 2076 gradu.

735 2106 790 2148 11.

4 2179 8 2234 f
33 2171 213 2214 Primum
241 2175 341 2215 mihi
371 2177 406 2217 si
435 2176 673 2237 faciendum
704 2181 781 2226 est,
815 2180 910 2218 sunt
940 2177 1010 2229 qui
1041 2175 1274 2216 sacrificant

5 2292 8 2302 .
33 2246 103 2283 ant
129 2245 364 2297 sanguinem
394 2252 464 2288 aut
492 2249 697 2288 vesicam:
729 2261 850 2288 nemo
880 2247 1108 2295 corculum,

5 2331 7 2337 ⁴
34 2318 240 2355 omentum
269 2328 404 2358 nemo.
461 2317 623 2359 femore
653 2332 831 2372 namque
860 2319 1024 2359 suavius

35 2383 92 2424 nil
121 2397 264 2427 vescor
294 2399 485 2440 unquam.

364 2507 1237 2553 SQII'FOKAPJQN..

764 2599 797 2639 1.

45 2662 165 2704 nrm
192 2665 396 2719 profecto,
426 2667 535 2709 bone
563 2667 639 2717 vir,
669 2668 1011 2722 languidiuscula‚

9 2735 11 2741 '
43 2733 151 2785 qnod
179 2736 391 2777 esitassem
418 2738 524 2779 ficus
552 2738 629 2779 sub
659 2740 891 2780 meridiem.

98 2811 266 2847 Comoed.
290 2814 380 2847 med.
1179 2805 1235 2846 43

1414 148 1500 198 '⁶²78
