1702 3158
211 139 294 179 28⁰
766 129 1108 173 NIGOSTRATI

431 234 727 297 ταριχοπώλου
754 234 870 278 πάνυ
897 235 1032 278 καλοῦ
1058 250 1103 276 τε
1131 233 1336 289 κάγαθοῦ

377 327 405 368 5
433 322 579 366 τιλτὸν
605 322 822 376 μέγιστον,
853 317 975 372 ἄξιον
1003 318 1209 374 δραχμῆς,
1240 318 1361 359 δυοῖν

439 406 627 461 ὀβολοῖν,
655 400 707 444 ὃν
735 399 811 444 οὐκ
839 398 895 443 ἂν
923 397 1250 458 καταᾳάγοιιὶεν
1277 399 1446 456 ἡμερῶν

434 488 563 544 τριῶν
591 484 676 537 ἤδη
706 483 1018 534 κατεσθίοντες
1046 481 1234 526 δώδεκα·

429 569 719 626 ὑπερμέγεθες
747 566 828 625 γάρ
857 569 961 610 ἐστι.

324 683 562 723 Athenaeus
580 683 636 722 111
667 696 707 735 p.
726 683 807 722 118
823 695 859 722 e.
890 682 941 722 de
970 676 1129 736 ταρίχῳ
1159 680 1383 719 disserens:
1415 672 1664 729 Νικόστρα-

215 763 288 797 τος
327 746 354 800 ἢ
396 751 653 805 Φιλέταιρος
690 749 736 790 ἐν
770 745 991 805 Ἀντύλλῳ
1032 744 1272 798 Βυζάντιον
1320 772 1373 778 -
1415 742 1662 799 παρεισίτω.

214 819 290 859 καὶ
317 819 549 874 προελθών
574 816 827 860 Ἀλλ’»κτλη
883 821 954 860 νε.
985 821 1007 858 1
1053 831 1095 857 τε
1125 818 1279 858 addidit
1307 815 1665 868 Schweighaeuse-

216 902 302 930 rus.
360 891 648 943 Byzantiorum
687 890 1021 929 salsamentorum
1050 887 1244 939 frequens
1283 885 1501 933 memoria,
1537 873 1668 923 rarior

219 959 487 1008 Gadicorum,
527 960 578 999 de
618 960 764 1010 quibus
804 958 885 997 dixi
914 957 966 996 ad
994 957 1142 1009 Eupol.
1173 969 1211 1008 p.
1240 955 1322 994 506
1352 958 1394 994 et
1422 954 1472 993 ad
1502 953 1667 1004 Antiph.

217 1041 258 1081 p.
289 1029 356 1068 43.
388 1054 441 1061 —
471 1029 542 1069 Vs.
573 1027 600 1067 5
630 1023 777 1065 τιλτὸν
807 1025 1232 1077 Schweighaeuserus,
1262 1019 1408 1062 τίλτον
1438 1023 1470 1061 L
1501 1025 1542 1060 et
1568 1022 1667 1061 Din-

133 1118 142 1126 x
220 1097 391 1136 dorfius.
433 1092 597 1134 τίλιτον
625 1095 747 1135 ΒΡν.
788 1092 952 1132 τιλιτον
981 1094 1070 1132 sine
1098 1095 1267 1132 accentu
1295 1093 1344 1132 A.
1390 1087 1534 1129 τίλτον
1564 1090 1671 1129 tueri

218 1165 382 1205 videtur
411 1164 659 1216 Hesychius,
694 1158 872 1201 Tiztov:
901 1151 1014 1208 εἶδος
1044 1155 1259 1213 ταριχίου.
1283 1152 1378 1199 'Sed
1407 1171 1484 1198 nec
1511 1159 1552 1197 in
1583 1158 1671 1197 aliis

221 1235 452 1274 verbalibus
490 1233 830 1274 substantivorum
860 1233 940 1271 vim
970 1231 1264 1271 assumentibus
1303 1233 1494 1268 accentus
1539 1231 1670 1266 muta-

220 1306 301 1351 tur,
332 1316 368 1343 v.
396 1315 430 1343 c.
461 1303 502 1342 in
532 1298 729 1354 φρυκτοί,
758 1297 926 1353 ἑψητοί.
984 1300 1075 1340 Non
1105 1302 1217 1339 recte
1247 1302 1381 1337 autem
1413 1297 1673 1336 Casaubonus

225 1367 372 1409 τιλτὸν
418 1372 591 1423 explicat
634 1371 686 1409 de
728 1370 986 1409 salsamento*
1021 1371 1262 1420 squamatoe
1315 1366 1489 1404 debehat
1536 1365 1672 1416 potius

224 1440 537 1493 desquamatum
565 1439 839 1490 interpretari.
887 1457 941 1463 -
980 1437 1051 1478 νε.
1081 1437 1106 1474 6
1136 1440 1248 1474 recte
1279 1435 1541 1474 Casaubonus
1570 1425 1599 1471 ὅ
1625 1427 1668 1483 γ’

223 1504 302 1548 οὐκ
331 1504 399 1558 ἄν,
429 1510 506 1549 nisi
530 1523 588 1548 vs.
618 1510 645 1547 8
673 1503 971 1561 ὑπερμεγέθης
1002 1504 1272 1544 scribendum.
1317 1527 1370 1534 —
1413 1503 1483 1543 vs.
1513 1503 1538 1541 7
1568 1502 1610 1541 in
1638 1503 1674 1541 A

225 1592 274 1618 ex
304 1580 438 1618 collat.
466 1578 642 1618 Bekkeri
682 1578 738 1616 ita
777 1575 950 1627 scriptus
988 1578 1050 1613 est
1078 1569 1209 1625 τριῶν
1243 1566 1327 1620 ἤδη
1366 1565 1675 1616 κατεσθίοντες

227 1644 452 1698 δεδωκάγε.
526 1647 631 1687 PVL
675 1643 804 1698 τριῶν
845 1639 929 1692 ἤδη
968 1637 1279 1687 κατεσθίοντες
1315 1635 1365 1678 οὐ
1409 1634 1573 1677 δώδεκά
1614 1633 1674 1690 y’.

227 1717 434 1757 Porsonus
464 1716 635 1756 Advers.
663 1728 701 1766 p.
733 1716 808 1753 67:
850 1709 979 1764 τριῶν
1015 1707 1323 1756 κατεσθίοντες
1360 1703 1457 1747 οὐδὲ
1498 1703 1675 1762 δώδεκα.

230 1786 278 1826 Id
306 1790 500 1837 sequutus
532 1787 593 1823 est
621 1784 867 1823 Dindorfius.
935 1781 1106 1822 Videtur
1135 1780 1245 1819 aliud
1276 1779 1372 1830 quid
1401 1779 1543 1827 latere,
1573 1791 1610 1818 v.
1640 1790 1675 1818 c.

157 1887 165 1892 ,
232 1851 284 1903 νὴ
315 1852 399 1894 Δία
428 1850 569 1906 τριῶν.

921 1932 995 1971 111.

707 2009 770 2052 Τί
789 2002 867 2052 οὗν
895 2008 1115 2068 ἀγοράζως
1144 2006 1275 2066 φράζε
1306 2006 1402 2064 γάρ.

402 2098 458 2141 Β.
488 2096 548 2152 μὴ
580 2093 831 2147 πολυτελῶς,
862 2092 972 2135 ἀλλὰ
1000 2092 1262 2148 καθαρείως,
1290 2089 1537 2144 δασύποδα,

394 2181 470 2223 ἐὰν
497 2176 736 2235 περιτύχῃς,
766 2174 986 2234 ἀγόρασον
1013 2177 1087 2219 καὶ
1117 2173 1285 2226 νηττία,

396 2261 541 2306 ὁπόσα
571 2260 625 2304 σὺ
655 2260 814 2314 βούλει,
846 2262 919 2302 καὶ
947 2259 1094 2315 κίχλας
1121 2248 1196 2300 καὶ
1223 2256 1444 2312 κοψίχους,

395 2341 636 2402 ὀρνιθάριά
666 2359 707 2385 τε
739 2343 823 2384 τῶν
852 2341 1012 2398 ἀγρίων
1040 2340 1205 2384 τούτων
1235 2337 1398 2395 σύχνά·

393 2427 541 2484 χάριεν
569 2424 662 2481 γάρ.
1295 2480 1298 2483 ῃ

342 2515 576 2577 Athenaeus
607 2513 646 2552 11
676 2526 716 2565 p.
747 2511 799 2550 65
814 2510 860 2551 d:
894 2505 1106 2562 Κόψιχοι.
1166 2502 1462 2559 Νικόστρατος
1489 2498 1518 2553 ἢ
1553 2502 1681 2544 Φιλέ-

232 2593 378 2635 ταιρος
413 2581 468 2621 Τι’
498 2578 577 2621 οὐν
605 2576 797 2634 ἀγοράζω
825 2578 914 2620 κτλ.
974 2581 1043 2620 Vs.
1074 2581 1101 2618 2
1133 2570 1380 2628 καθαρείως
1409 2576 1501 2615 libri
1530 2575 1683 2615 Casuu-

233 2651 400 2693 boniet
430 2652 512 2692 cl).
569 2650 704 2702 Vulgo
732 2644 972 2703 καθαρίως.
1037 2647 1191 2687 Eadem
1234 2645 1365 2686 forma
1401 2656 1499 2685 usus
1540 2645 1603 2684 est
1639 2643 1682 2683 in
