1656 3146
653 101 871 155 ALExls.

9 210 243 277 &voluptatis
271 221 440 270 amicus,
469 231 552 260 non
581 218 808 259 amicorum
839 215 961 256 cluit:

9 295 279 346 2iniuriusque
307 291 450 333 Amori
480 294 545 331 est
573 288 760 329 mortalis
791 288 894 337 Deo,

9 364 131 420 'apud
160 364 262 406 alios
291 353 516 416 quem'sno
547 359 754 400 immerito
784 359 1022 410 suspectum
1053 355 1164 398 facit.

455 497 721 543 ΕΛΕΝΗΣ
761 495 1058 540 ΑΡΠΑΓΗ.

9 592 161 633 nomo
191 592 255 630 est
283 591 516 641 protervus,
543 586 697 640 quique
727 583 922 625 canitiem
951 583 1055 625 nihil

27 665 253 704 reveretur.

521 784 998 830 ΕΛΛΗΝΙΣ.

9 879 111 921 ξὅσω
140 880 234 919 sunt
263 875 468 917 exanimes
497 876 584 916 sive
613 879 711 916 sunt
740 874 1001 928 superstites,

26 948 202 990 infestae
230 947 346 988 nobis
375 952 471 987 sunt
499 946 727 987 animantes
756 945 962 1000 pelagiae.

9 1033 118 1062 nam
147 1031 251 1060 nave
280 1030 423 1058 eversa
451 1021 630 1064 nantem,
660 1017 709 1066 si,
741 1020 787 1056 ut
816 1017 911 1056 fieri
940 1013 1064 1064 solet,

26 1103 148 1144 quem
178 1089 482 1136 nanciscuntur,
513 1085 625 1127 hunc
654 1087 849 1128 continuo
880 1085 1093 1127 devorant.

0 1182 2 1195 ·
26 1161 206 1214 piscator
234 1159 343 1212 ipsas
374 1157 520 1210 aliquis
549 1157 583 1198 si
612 1157 875 1206 nanciscitur,

26 1232 108 1272 iam
134 1234 271 1272 sumtu
300 1233 479 1270 emtores
508 1231 690 1268 atterunt
719 1233 948 1269 emortuae.

8 1315 120 1343 ζιιιιιι
150 1300 420 1342 conciliantur
449 1303 536 1339 toto
566 1299 830 1352 patrimonio,

7 1377 70 1415 ct
97 1384 169 1414 eos
198 1370 408 1413 mendicos
435 1370 605 1419 faciunt,
636 1370 707 1422 qui
736 1382 783 1411 se
811 1367 1082 1423 praestinant.

454 1534 1079 1580 ΕΠΙΚΛΗΡΟΣ.

7 1626 273 1681 {Quicunque
300 1637 459 1679 pauper
488 1626 712 1667 obsonatur
741 1624 926 1677 largiter,

7 1697 73 1761 {ct
99 1697 153 1739 ad
178 1697 260 1739 hoc
289 1697 470 1738 abundat
496 1697 687 1751 indigens
714 1696 766 1737 ad
797 1698 976 1744 caetera,

7 1762 94 1816 {hic
121 1773 257 1819 nocte,
285 1772 333 1809 ut
362 1769 546 1821 quemvis
575 1768 741 1809 obvium
770 1766 859 1808 fors
888 1763 1051 1814 obtulit,

7 1823 241 1906 {despolian
301 1851 428 1892 quare
458 1840 526 1879 cui
556 1839 739 1880 detracta
769 1837 894 1878 vestis
927 1840 1005 1884 est,

7 1910 96 1965 {ut
121 1911 382 1952 observatum
412 1924 532 1953 mane
560 1910 700 1952 forum
730 1909 782 1950 ad
810 1907 1048 1962 piscarium,

6 1984 75 2032 {et
99 1993 218 2034 quem
247 1983 451 2035 repererit
479 1981 658 2035 primum
686 1982 880 2022 iuvenem
911 1991 960 2020 ac
989 1988 1216 2033 pauperem

7 2042 10 2099 ἱ
33 2051 262 2108 tuicione
290 2053 749 2107 anguillae'licitantem
779 2051 872 2099 sibi,

7 2113 191 2168 Aobtorto
221 2125 329 2172 collo
358 2124 482 2165 ducat
510 2124 622 2164 hunc
650 2123 693 2163 in
722 2122 897 2163 vincula.

458 2298 1073 2347 ΕΠΙΤΡΟΠΟΣ.

8 2381 10 2406 f
38 2386 135 2435 Ham
163 2389 335 2430 multum
363 2390 502 2432 vinum
533 2390 707 2431 multum
737 2388 902 2441 peccari
930 2387 1044 2431 facit.

559 2556 975 2602 ΗΣΙΟΝΗ.

430 2644 623 2688 Animum
653 2651 700 2688 ut
729 2647 920 2701 placavit,
950 2644 1088 2686 statim

8 2708 12 2716 ’
42 2712 204 2758 nucem
233 2714 432 2769 poposcit,
463 2721 506 2758 et
535 2718 659 2759 alium
689 2731 739 2760 ex
769 2718 850 2759 alio
880 2716 1050 2758 trahens
