<?xml version="1.0" encoding="UTF-8"?>
<!DOCTYPE html PUBLIC "-//W3C//DTD XHTML 1.0 Transitional//EN"
    "http://www.w3.org/TR/xhtml1/DTD/xhtml1-transitional.dtd">
<html xmlns="http://www.w3.org/1999/xhtml" xml:lang="en" lang="en">
 <head>
  <title>
</title>
<meta http-equiv="Content-Type" content="text/html;charset=utf-8" />
  <meta name='ocr-system' content='tesseract 3.04.00' />
  <meta name='ocr-capabilities' content='ocr_page ocr_carea ocr_par ocr_line ocrx_word'/>
</head>
<body>
  <div class='ocr_page' id='page_1' title='image "./fragmentacomicor03meinuoft_0709.png"; bbox 0 0 1656 3146; ppageno 0'>
   <div class='ocr_carea' id='block_1_1' title="bbox 621 113 1479 165">
    <p class='ocr_par' dir='ltr' id='par_1_1' title="bbox 621 113 1479 165">
     <span class='ocr_line' id='line_1_1' title="bbox 621 113 1479 165; baseline -0.012 0"><span class='ocrx_word' id='word_1_1' title='bbox 621 117 840 165; x_wconf 66' lang='lat' dir='ltr'>ALEXIS.</span> <span class='ocrx_word' id='word_1_2' title='bbox 1393 113 1479 155; x_wconf 77' lang='lat'><strong>7⁰1</strong></span> 
     </span>
    </p>
   </div>
   <div class='ocr_carea' id='block_1_2' title="bbox 714 234 770 276">
    <p class='ocr_par' dir='ltr' id='par_1_2' title="bbox 714 234 770 276">
     <span class='ocr_line' id='line_1_2' title="bbox 714 234 770 276; baseline 0.018 -1"><span class='ocrx_word' id='word_1_3' title='bbox 714 234 770 276; x_wconf 91' lang='lat'><strong>11.</strong></span> 
     </span>
    </p>
   </div>
   <div class='ocr_carea' id='block_1_3' title="bbox 0 317 1104 530">
    <p class='ocr_par' dir='ltr' id='par_1_3' title="bbox 0 317 1104 530">
     <span class='ocr_line' id='line_1_3' title="bbox 5 317 1059 386; baseline -0.014 -14"><span class='ocrx_word' id='word_1_4' title='bbox 5 329 84 386; x_wconf 69' lang='lat' dir='ltr'><strong>Qui</strong></span> <span class='ocrx_word' id='word_1_5' title='bbox 111 339 226 371; x_wconf 87' lang='lat' dir='ltr'><strong>mare</strong></span> <span class='ocrx_word' id='word_1_6' title='bbox 254 324 418 379; x_wconf 82' lang='lat' dir='ltr'><strong>navigio</strong></span> <span class='ocrx_word' id='word_1_7' title='bbox 449 323 596 372; x_wconf 84' lang='lat' dir='ltr'><strong>tentat,</strong></span> <span class='ocrx_word' id='word_1_8' title='bbox 625 323 696 361; x_wconf 83' lang='lat' dir='ltr'><strong>aut</strong></span> <span class='ocrx_word' id='word_1_9' title='bbox 725 317 940 361; x_wconf 87' lang='lat' dir='ltr'><strong>mendicus</strong></span> <span class='ocrx_word' id='word_1_10' title='bbox 967 319 1059 367; x_wconf 83' lang='lat' dir='ltr'><strong>est,-</strong></span> 
     </span>
     <span class='ocr_line' id='line_1_4' title="bbox 0 388 1104 449; baseline -0.013 -6"><span class='ocrx_word' id='word_1_11' title='bbox 0 406 74 446; x_wconf 67' lang='grc' dir='ltr'><strong>ιιι</strong></span> <span class='ocrx_word' id='word_1_12' title='bbox 100 399 216 449; x_wconf 74' lang='lat' dir='ltr'><strong>furit,</strong></span> <span class='ocrx_word' id='word_1_13' title='bbox 246 402 316 438; x_wconf 89' lang='lat' dir='ltr'><strong>aut</strong></span> <span class='ocrx_word' id='word_1_14' title='bbox 347 397 522 437; x_wconf 88' lang='lat' dir='ltr'><strong>mortem</strong></span> <span class='ocrx_word' id='word_1_15' title='bbox 553 392 741 447; x_wconf 70' lang='lat' dir='ltr'><strong>quaer-itt</strong></span> <span class='ocrx_word' id='word_1_16' title='bbox 771 403 821 432; x_wconf 83' lang='lat' dir='ltr'><strong>ex</strong></span> <span class='ocrx_word' id='word_1_17' title='bbox 850 390 942 431; x_wconf 85' lang='lat' dir='ltr'><strong>istis</strong></span> <span class='ocrx_word' id='word_1_18' title='bbox 970 388 1104 439; x_wconf 76' lang='lat' dir='ltr'><strong>tribus</strong></span> 
     </span>
     <span class='ocr_line' id='line_1_5' title="bbox 6 463 956 530; baseline -0.017 -14"><span class='ocrx_word' id='word_1_19' title='bbox 6 474 102 530; x_wconf 77' lang='lat' dir='ltr'><strong>quin</strong></span> <span class='ocrx_word' id='word_1_20' title='bbox 130 483 258 513; x_wconf 91' lang='lat' dir='ltr'><strong>unum</strong></span> <span class='ocrx_word' id='word_1_21' title='bbox 290 468 328 510; x_wconf 88' lang='lat' dir='ltr'><strong>ei</strong></span> <span class='ocrx_word' id='word_1_22' title='bbox 361 465 578 509; x_wconf 81' lang='lat' dir='ltr'><strong>conveniat</strong></span> <span class='ocrx_word' id='word_1_23' title='bbox 604 464 700 505; x_wconf 86' lang='lat' dir='ltr'><strong>fieri</strong></span> <span class='ocrx_word' id='word_1_24' title='bbox 729 475 813 504; x_wconf 89' lang='lat' dir='ltr'><strong>non</strong></span> <span class='ocrx_word' id='word_1_25' title='bbox 842 463 956 515; x_wconf 83' lang='lat' dir='ltr'><strong>pote.</strong></span> 
     </span>
    </p>
   </div>
   <div class='ocr_carea' id='block_1_4' title="bbox 614 557 881 568">
    <p class='ocr_par' dir='ltr' id='par_1_4' title="bbox 614 557 881 568">
     <span class='ocr_line' id='line_1_6' title="bbox 614 557 881 568; baseline 0 2578"><span class='ocrx_word' id='word_1_26' title='bbox 614 557 881 568; x_wconf 95' lang='lat' dir='ltr'><strong> </strong></span> 
     </span>
    </p>
   </div>
   <div class='ocr_carea' id='block_1_5' title="bbox 0 600 1416 966">
    <p class='ocr_par' dir='ltr' id='par_1_5' title="bbox 0 600 1416 970">
     <span class='ocr_line' id='line_1_7' title="bbox 440 600 1060 683; baseline -0.011 -5"><span class='ocrx_word' id='word_1_27' title='bbox 440 600 1060 683; x_wconf 65' lang='grc' dir='ltr'><strong><em>ΣΥΝΤΡοφοι</em></strong></span> 
     </span>
     <span class='ocr_line' id='line_1_8' title="bbox 0 711 1416 783; baseline -0.011 -14"><span class='ocrx_word' id='word_1_28' title='bbox 0 727 141 783; x_wconf 50' lang='lat' dir='ltr'><strong>¹Quam</strong></span> <span class='ocrx_word' id='word_1_29' title='bbox 172 724 295 767; x_wconf 83' lang='lat' dir='ltr'><strong>dulce</strong></span> <span class='ocrx_word' id='word_1_30' title='bbox 326 727 404 776; x_wconf 88' lang='lat' dir='ltr'><strong>est,</strong></span> <span class='ocrx_word' id='word_1_31' title='bbox 434 722 546 777; x_wconf 89' lang='lat' dir='ltr'><strong>quod</strong></span> <span class='ocrx_word' id='word_1_32' title='bbox 574 719 786 763; x_wconf 82' lang='lat' dir='ltr'><strong>mediocre</strong></span> <span class='ocrx_word' id='word_1_33' title='bbox 818 721 897 768; x_wconf 87' lang='lat' dir='ltr'><strong>est,</strong></span> <span class='ocrx_word' id='word_1_34' title='bbox 927 728 1005 759; x_wconf 90' lang='lat' dir='ltr'><strong>nec</strong></span> <span class='ocrx_word' id='word_1_35' title='bbox 1033 716 1202 770; x_wconf 81' lang='lat' dir='ltr'><strong>superat</strong></span> <span class='ocrx_word' id='word_1_36' title='bbox 1232 711 1416 755; x_wconf 88' lang='lat' dir='ltr'><strong>modum.</strong></span> 
     </span>
     <span class='ocr_line' id='line_1_9' title="bbox 0 807 2 840; baseline 0 0"><span class='ocrx_word' id='word_1_37' title='bbox 0 807 2 840; x_wconf 64' lang='lat' dir='ltr'><strong>l</strong></span> 
     </span>
     <span class='ocr_line' id='line_1_10' title="bbox 0 843 1086 966; baseline -0.01 -19"><span class='ocrx_word' id='word_1_38' title='bbox 0 843 3 966; x_wconf 43' lang='grc' dir='ltr'>ἒ</span> <span class='ocrx_word' id='word_1_39' title='bbox 402 899 447 942; x_wconf 90' lang='grc' dir='ltr'><strong><em>Σ</em></strong></span> <span class='ocrx_word' id='word_1_40' title='bbox 481 899 520 942; x_wconf 84' lang='grc' dir='ltr'><strong><em>Υ</em></strong></span> <span class='ocrx_word' id='word_1_41' title='bbox 544 899 588 940; x_wconf 91' lang='lat' dir='ltr'><em>P</em></span> <span class='ocrx_word' id='word_1_42' title='bbox 612 898 660 939; x_wconf 89' lang='lat' dir='ltr'><em>A</em></span> <span class='ocrx_word' id='word_1_43' title='bbox 694 897 738 939; x_wconf 89' lang='lat' dir='ltr'><strong><em>K</em></strong></span> <span class='ocrx_word' id='word_1_44' title='bbox 770 895 805 938; x_wconf 91' lang='lat' dir='ltr'><em>O</em></span> <span class='ocrx_word' id='word_1_45' title='bbox 834 894 879 936; x_wconf 92' lang='grc' dir='ltr'><strong><em>Σ</em></strong></span> <span class='ocrx_word' id='word_1_46' title='bbox 906 894 938 936; x_wconf 95' lang='grc' dir='ltr'><strong><em>Ι</em></strong></span> <span class='ocrx_word' id='word_1_47' title='bbox 966 892 1002 935; x_wconf 90' lang='grc'><em>0</em></span> <span class='ocrx_word' id='word_1_48' title='bbox 1031 893 1086 936; x_wconf 89' lang='grc' dir='ltr'><strong>Σ.</strong></span> 
     </span>
    </p>
   </div>
   <div class='ocr_carea' id='block_1_6' title="bbox 0 981 983 1125">
    <p class='ocr_par' dir='ltr' id='par_1_6' title="bbox 0 981 983 1125">
     <span class='ocr_line' id='line_1_11' title="bbox 0 981 983 1041; baseline -0.007 -12"><span class='ocrx_word' id='word_1_49' title='bbox 0 1035 3 1041; x_wconf 18' lang='lat'>¹</span> <span class='ocrx_word' id='word_1_50' title='bbox 618 986 680 1026; x_wconf 84' lang='lat' dir='ltr'><strong>Ut</strong></span> <span class='ocrx_word' id='word_1_51' title='bbox 708 984 844 1033; x_wconf 85' lang='lat' dir='ltr'><strong>video,</strong></span> <span class='ocrx_word' id='word_1_52' title='bbox 875 981 983 1023; x_wconf 82' lang='lat' dir='ltr'><strong>male</strong></span> 
     </span>
     <span class='ocr_line' id='line_1_12' title="bbox 0 1054 930 1125; baseline -0.01 -22"><span class='ocrx_word' id='word_1_53' title='bbox 0 1061 175 1125; x_wconf 66' lang='lat' dir='ltr'><strong>{facilius</strong></span> <span class='ocrx_word' id='word_1_54' title='bbox 202 1059 355 1101; x_wconf 85' lang='lat' dir='ltr'><strong>tolerat</strong></span> <span class='ocrx_word' id='word_1_55' title='bbox 384 1056 570 1111; x_wconf 87' lang='lat' dir='ltr'><strong>quisquis</strong></span> <span class='ocrx_word' id='word_1_56' title='bbox 599 1068 683 1098; x_wconf 89' lang='lat' dir='ltr'><strong>non</strong></span> <span class='ocrx_word' id='word_1_57' title='bbox 714 1054 930 1096; x_wconf 80' lang='lat' dir='ltr'><strong>obnititur.</strong></span> 
     </span>
    </p>
   </div>
   <div class='ocr_carea' id='block_1_7' title="bbox 618 812 886 824">
    <p class='ocr_par' dir='ltr' id='par_1_7' title="bbox 618 812 886 824">
     <span class='ocr_line' id='line_1_13' title="bbox 618 812 886 824; baseline 0 2322"><span class='ocrx_word' id='word_1_58' title='bbox 618 812 886 824; x_wconf 95' lang='lat' dir='ltr'><strong> </strong></span> 
     </span>
    </p>
   </div>
   <div class='ocr_carea' id='block_1_8' title="bbox 624 1160 894 1172">
    <p class='ocr_par' dir='ltr' id='par_1_8' title="bbox 624 1160 894 1172">
     <span class='ocr_line' id='line_1_14' title="bbox 624 1160 894 1172; baseline 0 1974"><span class='ocrx_word' id='word_1_59' title='bbox 624 1160 894 1172; x_wconf 95' lang='lat' dir='ltr'><strong> </strong></span> 
     </span>
    </p>
   </div>
   <div class='ocr_carea' id='block_1_9' title="bbox 0 1240 1122 1775">
    <p class='ocr_par' dir='ltr' id='par_1_9' title="bbox 0 1240 1122 1775">
     <span class='ocr_line' id='line_1_15' title="bbox 420 1240 1091 1288; baseline -0.001 -2"><span class='ocrx_word' id='word_1_60' title='bbox 420 1245 462 1286; x_wconf 87' lang='grc' dir='ltr'><em>Τ</em></span> <span class='ocrx_word' id='word_1_61' title='bbox 486 1243 533 1285; x_wconf 89' lang='lat' dir='ltr'><em>A</em></span> <span class='ocrx_word' id='word_1_62' title='bbox 564 1246 607 1288; x_wconf 92' lang='lat' dir='ltr'><em>P</em></span> <span class='ocrx_word' id='word_1_63' title='bbox 631 1246 678 1288; x_wconf 84' lang='lat' dir='ltr'><em>A</em></span> <span class='ocrx_word' id='word_1_64' title='bbox 707 1245 758 1287; x_wconf 92' lang='grc' dir='ltr'><em>Ν</em></span> <span class='ocrx_word' id='word_1_65' title='bbox 787 1244 830 1285; x_wconf 89' lang='grc' dir='ltr'><em>Τ</em></span> <span class='ocrx_word' id='word_1_66' title='bbox 855 1242 879 1285; x_wconf 92' lang='grc'><em>1</em></span> <span class='ocrx_word' id='word_1_67' title='bbox 907 1242 952 1284; x_wconf 84' lang='grc' dir='ltr'><em>Ν</em></span> <span class='ocrx_word' id='word_1_68' title='bbox 988 1240 1024 1285; x_wconf 85' lang='lat'><em>0</em></span> <span class='ocrx_word' id='word_1_69' title='bbox 1054 1242 1091 1285; x_wconf 92' lang='lat'><strong>1.</strong></span> 
     </span>
     <span class='ocr_line' id='line_1_16' title="bbox 0 1348 777 1421; baseline -0.01 -24"><span class='ocrx_word' id='word_1_70' title='bbox 0 1348 8 1421; x_wconf 69' lang='lat' dir='ltr'>j</span> <span class='ocrx_word' id='word_1_71' title='bbox 744 1349 777 1389; x_wconf 90' lang='lat'><strong>1.</strong></span> 
     </span>
     <span class='ocr_line' id='line_1_17' title="bbox 0 1415 1025 1522; baseline -0.008 -40"><span class='ocrx_word' id='word_1_72' title='bbox 0 1415 10 1522; x_wconf 55' lang='grc' dir='ltr'>ἰ</span> <span class='ocrx_word' id='word_1_73' title='bbox 444 1432 756 1489; x_wconf 79' lang='lat' dir='ltr'><strong>Pythagorismi</strong></span> <span class='ocrx_word' id='word_1_74' title='bbox 785 1436 828 1474; x_wconf 90' lang='lat' dir='ltr'><strong>et</strong></span> <span class='ocrx_word' id='word_1_75' title='bbox 856 1432 1025 1475; x_wconf 82' lang='lat' dir='ltr'><strong>fabulae</strong></span> 
     </span>
     <span class='ocr_line' id='line_1_18' title="bbox 23 1505 820 1562; baseline -0.009 -12"><span class='ocrx_word' id='word_1_76' title='bbox 23 1511 166 1555; x_wconf 64' lang='lat' dir='ltr'><strong>acutae</strong></span> <span class='ocrx_word' id='word_1_77' title='bbox 196 1512 238 1550; x_wconf 92' lang='lat' dir='ltr'><strong>et</strong></span> <span class='ocrx_word' id='word_1_78' title='bbox 267 1511 490 1562; x_wconf 84' lang='lat' dir='ltr'><strong>saponatae</strong></span> <span class='ocrx_word' id='word_1_79' title='bbox 518 1505 820 1547; x_wconf 75' lang='lat' dir='ltr'><strong>sollicitudines</strong></span> 
     </span>
     <span class='ocr_line' id='line_1_19' title="bbox 0 1564 1051 1637; baseline -0.01 -14"><span class='ocrx_word' id='word_1_80' title='bbox 0 1581 117 1637; x_wconf 60' lang='lat' dir='ltr'><strong>{illos</strong></span> <span class='ocrx_word' id='word_1_81' title='bbox 146 1579 357 1633; x_wconf 79' lang='lat' dir='ltr'><strong>saginant:</strong></span> <span class='ocrx_word' id='word_1_82' title='bbox 387 1564 553 1633; x_wconf 60' lang='lat' dir='ltr'><strong>iiraeter</strong></span> <span class='ocrx_word' id='word_1_83' title='bbox 582 1578 687 1618; x_wconf 88' lang='lat' dir='ltr'><strong>haec</strong></span> <span class='ocrx_word' id='word_1_84' title='bbox 717 1576 838 1615; x_wconf 76' lang='lat' dir='ltr'><strong>datur</strong></span> <span class='ocrx_word' id='word_1_85' title='bbox 866 1575 908 1615; x_wconf 89' lang='lat' dir='ltr'><strong>in</strong></span> <span class='ocrx_word' id='word_1_86' title='bbox 940 1573 1051 1614; x_wconf 90' lang='lat' dir='ltr'><strong>diem</strong></span> 
     </span>
     <span class='ocr_line' id='line_1_20' title="bbox 0 1639 1122 1713; baseline -0.007 -18"><span class='ocrx_word' id='word_1_87' title='bbox 0 1662 3 1713; x_wconf 31' lang='grc' dir='ltr'>Ἰ</span> <span class='ocrx_word' id='word_1_88' title='bbox 26 1639 171 1705; x_wconf 67' lang='lat' dir='ltr'><strong>&#39;usuique</strong></span> <span class='ocrx_word' id='word_1_89' title='bbox 197 1651 346 1691; x_wconf 89' lang='lat' dir='ltr'><strong>horum</strong></span> <span class='ocrx_word' id='word_1_90' title='bbox 376 1650 494 1704; x_wconf 83' lang='lat' dir='ltr'><strong>panis</strong></span> <span class='ocrx_word' id='word_1_91' title='bbox 523 1660 639 1689; x_wconf 83' lang='lat' dir='ltr'><strong>assus</strong></span> <span class='ocrx_word' id='word_1_92' title='bbox 670 1651 713 1687; x_wconf 82' lang='lat' dir='ltr'><strong>et</strong></span> <span class='ocrx_word' id='word_1_93' title='bbox 740 1659 873 1699; x_wconf 88' lang='lat' dir='ltr'><strong>aquae</strong></span> <span class='ocrx_word' id='word_1_94' title='bbox 902 1646 1122 1699; x_wconf 81' lang='lat' dir='ltr'><strong>poculum3</strong></span> 
     </span>
     <span class='ocr_line' id='line_1_21' title="bbox 0 1717 1036 1775; baseline -0.008 -10"><span class='ocrx_word' id='word_1_95' title='bbox 0 1741 2 1775; x_wconf 74' lang='lat' dir='ltr'><strong>i</strong></span> <span class='ocrx_word' id='word_1_96' title='bbox 26 1722 155 1769; x_wconf 65' lang='lat' dir='ltr'><strong>vietus</strong></span> <span class='ocrx_word' id='word_1_97' title='bbox 184 1722 288 1763; x_wconf 89' lang='lat' dir='ltr'><strong>nihil</strong></span> <span class='ocrx_word' id='word_1_98' title='bbox 318 1725 550 1775; x_wconf 84' lang='lat' dir='ltr'><strong>praeterea.</strong></span> <span class='ocrx_word' id='word_1_99' title='bbox 610 1719 657 1758; x_wconf 88' lang='lat' dir='ltr'><strong>B.</strong></span> <span class='ocrx_word' id='word_1_100' title='bbox 689 1717 827 1759; x_wconf 85' lang='lat' dir='ltr'><strong>Vitam</strong></span> <span class='ocrx_word' id='word_1_101' title='bbox 857 1717 1036 1757; x_wconf 85' lang='lat' dir='ltr'><strong>carceris</strong></span> 
     </span>
    </p>
   </div>
   <div class='ocr_carea' id='block_1_10' title="bbox 0 1788 1065 1909">
    <p class='ocr_par' dir='ltr' id='par_1_10' title="bbox 0 1788 1065 1909">
     <span class='ocr_line' id='line_1_22' title="bbox 0 1788 1065 1842; baseline -0.008 -6"><span class='ocrx_word' id='word_1_102' title='bbox 0 1811 5 1836; x_wconf 70' lang='grc' dir='ltr'><strong><em>ε</em></strong></span> <span class='ocrx_word' id='word_1_103' title='bbox 31 1803 336 1838; x_wconf 69' lang='lat' dir='ltr'><strong>oemmemoras.</strong></span> <span class='ocrx_word' id='word_1_104' title='bbox 401 1793 450 1833; x_wconf 88' lang='lat' dir='ltr'><strong>A.</strong></span> <span class='ocrx_word' id='word_1_105' title='bbox 483 1789 610 1842; x_wconf 88' lang='lat' dir='ltr'><strong>Atqui</strong></span> <span class='ocrx_word' id='word_1_106' title='bbox 639 1788 699 1828; x_wconf 87' lang='lat' dir='ltr'><strong>sic</strong></span> <span class='ocrx_word' id='word_1_107' title='bbox 728 1788 805 1827; x_wconf 87' lang='lat' dir='ltr'><strong>viri</strong></span> <span class='ocrx_word' id='word_1_108' title='bbox 834 1788 1065 1842; x_wconf 82' lang='lat' dir='ltr'><strong>sapientiae</strong></span> 
     </span>
     <span class='ocr_line' id='line_1_23' title="bbox 31 1859 873 1909; baseline -0.01 -1"><span class='ocrx_word' id='word_1_109' title='bbox 31 1864 179 1909; x_wconf 70' lang='lat' dir='ltr'><strong>addicti</strong></span> <span class='ocrx_word' id='word_1_110' title='bbox 208 1865 331 1906; x_wconf 85' lang='lat' dir='ltr'><strong>vitam</strong></span> <span class='ocrx_word' id='word_1_111' title='bbox 362 1862 502 1903; x_wconf 81' lang='lat' dir='ltr'><strong>vivunt</strong></span> <span class='ocrx_word' id='word_1_112' title='bbox 531 1859 873 1901; x_wconf 86' lang='lat' dir='ltr'><strong>aerumnabilem.</strong></span> 
     </span>
    </p>
   </div>
   <div class='ocr_carea' id='block_1_11' title="bbox 0 1944 1232 2779">
    <p class='ocr_par' dir='ltr' id='par_1_11' title="bbox 0 1944 1232 2779">
     <span class='ocr_line' id='line_1_24' title="bbox 728 1944 800 1985; baseline -0.014 0"><span class='ocrx_word' id='word_1_113' title='bbox 728 1944 800 1985; x_wconf 87' lang='lat'><em>111.</em></span> 
     </span>
     <span class='ocr_line' id='line_1_25' title="bbox 66 2016 901 2062; baseline -0.011 0"><span class='ocrx_word' id='word_1_114' title='bbox 66 2059 68 2062; x_wconf 86' lang='lat'>.</span> <span class='ocrx_word' id='word_1_115' title='bbox 634 2016 749 2058; x_wconf 88' lang='lat' dir='ltr'><strong>Nulli</strong></span> <span class='ocrx_word' id='word_1_116' title='bbox 780 2016 901 2055; x_wconf 82' lang='lat' dir='ltr'><strong>datur</strong></span> 
     </span>
     <span class='ocr_line' id='line_1_26' title="bbox 0 2086 1085 2140; baseline -0.014 -3"><span class='ocrx_word' id='word_1_117' title='bbox 0 2111 2 2114; x_wconf 65' lang='grc'>’</span> <span class='ocrx_word' id='word_1_118' title='bbox 37 2104 153 2137; x_wconf 69' lang='lat' dir='ltr'><strong>causa</strong></span> <span class='ocrx_word' id='word_1_119' title='bbox 179 2089 389 2133; x_wconf 88' lang='lat' dir='ltr'><strong>invidendi</strong></span> <span class='ocrx_word' id='word_1_120' title='bbox 417 2088 549 2138; x_wconf 91' lang='lat' dir='ltr'><strong>nobis,</strong></span> <span class='ocrx_word' id='word_1_121' title='bbox 576 2087 651 2140; x_wconf 84' lang='lat' dir='ltr'><strong>qui</strong></span> <span class='ocrx_word' id='word_1_122' title='bbox 679 2088 722 2127; x_wconf 90' lang='lat' dir='ltr'><strong>in</strong></span> <span class='ocrx_word' id='word_1_123' title='bbox 752 2086 912 2127; x_wconf 89' lang='lat' dir='ltr'><strong>nullum</strong></span> <span class='ocrx_word' id='word_1_124' title='bbox 943 2094 1085 2124; x_wconf 87' lang='lat' dir='ltr'><strong>sumus</strong></span> 
     </span>
     <span class='ocr_line' id='line_1_27' title="bbox 14 2151 770 2208; baseline -0.012 -1"><span class='ocrx_word' id='word_1_125' title='bbox 14 2151 229 2208; x_wconf 55' lang='lat' dir='ltr'><strong>1&gt;iniuriosi.</strong></span> <span class='ocrx_word' id='word_1_126' title='bbox 288 2161 508 2202; x_wconf 83' lang='lat' dir='ltr'><strong>nesciusne</strong></span> <span class='ocrx_word' id='word_1_127' title='bbox 539 2172 599 2208; x_wconf 88' lang='lat' dir='ltr'><strong>es,</strong></span> <span class='ocrx_word' id='word_1_128' title='bbox 629 2159 770 2199; x_wconf 82' lang='lat' dir='ltr'><strong>vivere</strong></span> 
     </span>
     <span class='ocr_line' id='line_1_28' title="bbox 36 2227 1133 2283; baseline -0.007 -7"><span class='ocrx_word' id='word_1_129' title='bbox 36 2227 225 2276; x_wconf 66' lang='lat' dir='ltr'><strong>blandum</strong></span> <span class='ocrx_word' id='word_1_130' title='bbox 257 2245 348 2273; x_wconf 79' lang='lat' dir='ltr'><strong>esse</strong></span> <span class='ocrx_word' id='word_1_131' title='bbox 379 2243 529 2272; x_wconf 89' lang='lat' dir='ltr'><strong>nomen</strong></span> <span class='ocrx_word' id='word_1_132' title='bbox 560 2230 651 2270; x_wconf 85' lang='lat' dir='ltr'><strong>aevi</strong></span> <span class='ocrx_word' id='word_1_133' title='bbox 681 2229 792 2281; x_wconf 83' lang='lat' dir='ltr'><strong>quod</strong></span> <span class='ocrx_word' id='word_1_134' title='bbox 823 2241 898 2269; x_wconf 90' lang='lat' dir='ltr'><strong>nos</strong></span> <span class='ocrx_word' id='word_1_135' title='bbox 929 2228 1133 2283; x_wconf 78' lang='lat' dir='ltr'><strong>degimus,</strong></span> 
     </span>
     <span class='ocr_line' id='line_1_29' title="bbox 40 2300 965 2356; baseline -0.006 -11.231"><span class='ocrx_word' id='word_1_136' title='bbox 40 2303 210 2345; x_wconf 76' lang='lat' dir='ltr'><strong>humana</strong></span> <span class='ocrx_word' id='word_1_137' title='bbox 239 2315 320 2356; x_wconf 89' lang='lat' dir='ltr'><strong>quo</strong></span> <span class='ocrx_word' id='word_1_138' title='bbox 350 2315 441 2344; x_wconf 87' lang='lat' dir='ltr'><strong>sors</strong></span> <span class='ocrx_word' id='word_1_139' title='bbox 469 2302 583 2343; x_wconf 86' lang='lat' dir='ltr'><strong>vocis</strong></span> <span class='ocrx_word' id='word_1_140' title='bbox 613 2300 799 2341; x_wconf 88' lang='lat' dir='ltr'><strong>mollitur</strong></span> <span class='ocrx_word' id='word_1_141' title='bbox 828 2301 965 2340; x_wconf 74' lang='lat' dir='ltr'><strong>sono?</strong></span> 
     </span>
     <span class='ocr_line' id='line_1_30' title="bbox 17 2366 944 2435; baseline -0.006 -20"><span class='ocrx_word' id='word_1_142' title='bbox 17 2366 19 2435; x_wconf 37' lang='grc' dir='ltr'>Ξ</span> <span class='ocrx_word' id='word_1_143' title='bbox 45 2385 132 2428; x_wconf 73' lang='lat' dir='ltr'><strong>ego,</strong></span> <span class='ocrx_word' id='word_1_144' title='bbox 158 2375 260 2415; x_wconf 82' lang='lat' dir='ltr'><strong>alius</strong></span> <span class='ocrx_word' id='word_1_145' title='bbox 288 2379 404 2415; x_wconf 85' lang='lat' dir='ltr'><strong>recte</strong></span> <span class='ocrx_word' id='word_1_146' title='bbox 432 2387 500 2414; x_wconf 89' lang='lat' dir='ltr'><strong>me</strong></span> <span class='ocrx_word' id='word_1_147' title='bbox 530 2384 706 2421; x_wconf 81' lang='lat' dir='ltr'><strong>secusne</strong></span> <span class='ocrx_word' id='word_1_148' title='bbox 735 2371 944 2412; x_wconf 81' lang='lat' dir='ltr'><strong>existimet</strong></span> 
     </span>
     <span class='ocr_line' id='line_1_31' title="bbox 18 2442 1039 2497; baseline -0.004 -11"><span class='ocrx_word' id='word_1_149' title='bbox 18 2445 204 2495; x_wconf 63' lang='lat' dir='ltr'><strong>ssnntire,</strong></span> <span class='ocrx_word' id='word_1_150' title='bbox 232 2446 404 2486; x_wconf 82' lang='lat' dir='ltr'><strong>verbum</strong></span> <span class='ocrx_word' id='word_1_151' title='bbox 434 2457 644 2497; x_wconf 84' lang='lat' dir='ltr'><strong>nunquam</strong></span> <span class='ocrx_word' id='word_1_152' title='bbox 675 2442 1039 2483; x_wconf 81' lang='lat' dir='ltr'><strong>commutaverim:</strong></span> 
     </span>
     <span class='ocr_line' id='line_1_32' title="bbox 19 2513 916 2569; baseline -0.003 -13"><span class='ocrx_word' id='word_1_153' title='bbox 19 2547 22 2556; x_wconf 77' lang='grc'><strong><em>,</em></strong></span> <span class='ocrx_word' id='word_1_154' title='bbox 45 2514 117 2556; x_wconf 71' lang='lat' dir='ltr'><strong>ned</strong></span> <span class='ocrx_word' id='word_1_155' title='bbox 142 2515 223 2556; x_wconf 86' lang='lat' dir='ltr'><strong>hoc</strong></span> <span class='ocrx_word' id='word_1_156' title='bbox 251 2529 318 2556; x_wconf 89' lang='lat' dir='ltr'><strong>me</strong></span> <span class='ocrx_word' id='word_1_157' title='bbox 346 2517 470 2569; x_wconf 84' lang='lat' dir='ltr'><strong>longa</strong></span> <span class='ocrx_word' id='word_1_158' title='bbox 500 2516 640 2556; x_wconf 90' lang='lat' dir='ltr'><strong>decuit</strong></span> <span class='ocrx_word' id='word_1_159' title='bbox 669 2513 916 2563; x_wconf 84' lang='lat' dir='ltr'><strong>observatio,</strong></span> 
     </span>
     <span class='ocr_line' id='line_1_33' title="bbox 19 2582 867 2652; baseline -0.002 -26"><span class='ocrx_word' id='word_1_160' title='bbox 19 2598 24 2652; x_wconf 66' lang='lat'><strong>‘.</strong></span> <span class='ocrx_word' id='word_1_161' title='bbox 47 2582 184 2637; x_wconf 67' lang='lat' dir='ltr'><strong>plenas</strong></span> <span class='ocrx_word' id='word_1_162' title='bbox 211 2586 363 2628; x_wconf 83' lang='lat' dir='ltr'><strong>furoris</strong></span> <span class='ocrx_word' id='word_1_163' title='bbox 394 2600 486 2628; x_wconf 88' lang='lat' dir='ltr'><strong>esse</strong></span> <span class='ocrx_word' id='word_1_164' title='bbox 517 2598 586 2627; x_wconf 91' lang='lat' dir='ltr'><strong>res</strong></span> <span class='ocrx_word' id='word_1_165' title='bbox 616 2584 867 2625; x_wconf 80' lang='lat' dir='ltr'><strong>mortalium.</strong></span> 
     </span>
     <span class='ocr_line' id='line_1_34' title="bbox 47 2654 977 2710; baseline -0.003 -14"><span class='ocrx_word' id='word_1_166' title='bbox 47 2665 188 2696; x_wconf 76' lang='lat' dir='ltr'><strong>revera</strong></span> <span class='ocrx_word' id='word_1_167' title='bbox 214 2656 526 2709; x_wconf 80' lang='lat' dir='ltr'><strong>peregrinamur</strong></span> <span class='ocrx_word' id='word_1_168' title='bbox 555 2659 760 2710; x_wconf 89' lang='lat' dir='ltr'><strong>quotquot</strong></span> <span class='ocrx_word' id='word_1_169' title='bbox 788 2654 977 2703; x_wconf 82' lang='lat' dir='ltr'><strong>vivimus,</strong></span> 
     </span>
     <span class='ocr_line' id='line_1_35' title="bbox 22 2723 1232 2779; baseline 0 -16"><span class='ocrx_word' id='word_1_170' title='bbox 22 2735 26 2763; x_wconf 59' lang='grc' dir='ltr'>μ</span> <span class='ocrx_word' id='word_1_171' title='bbox 52 2727 94 2764; x_wconf 67' lang='lat' dir='ltr'><strong>et</strong></span> <span class='ocrx_word' id='word_1_172' title='bbox 116 2729 307 2779; x_wconf 77' lang='lat' dir='ltr'><strong>tanquam</strong></span> <span class='ocrx_word' id='word_1_173' title='bbox 335 2727 386 2767; x_wconf 83' lang='lat' dir='ltr'><strong>ad</strong></span> <span class='ocrx_word' id='word_1_174' title='bbox 414 2727 534 2768; x_wconf 88' lang='lat' dir='ltr'><strong>ludos</strong></span> <span class='ocrx_word' id='word_1_175' title='bbox 565 2728 755 2768; x_wconf 86' lang='lat' dir='ltr'><strong>celebres</strong></span> <span class='ocrx_word' id='word_1_176' title='bbox 783 2725 855 2779; x_wconf 86' lang='lat' dir='ltr'><strong>qui</strong></span> <span class='ocrx_word' id='word_1_177' title='bbox 889 2725 1110 2766; x_wconf 86' lang='lat' dir='ltr'><strong>instituunt</strong></span> <span class='ocrx_word' id='word_1_178' title='bbox 1137 2723 1232 2773; x_wconf 83' lang='lat' dir='ltr'><strong>iter,</strong></span> 
     </span>
    </p>
   </div>
   <div class='ocr_carea' id='block_1_12' title="bbox 0 1515 19 1919">
    <p class='ocr_par' dir='ltr' id='par_1_12' title="bbox 0 1515 19 1919">
     <span class='ocr_line' id='line_1_36' title="bbox 0 1515 19 1919; baseline 0 -359"><span class='ocrx_word' id='word_1_179' title='bbox 0 1515 19 1919; x_wconf 95' lang='lat' dir='ltr'><strong>  </strong></span> <span class='ocrx_word' id='word_1_180' title='bbox 10 1515 19 1560; x_wconf 95' lang='lat' dir='ltr'><strong> </strong></span> 
     </span>
    </p>
   </div>
   <div class='ocr_carea' id='block_1_13' title="bbox 12 1908 20 2467">
    <p class='ocr_par' dir='ltr' id='par_1_13' title="bbox 12 1908 20 2467">
     <span class='ocr_line' id='line_1_37' title="bbox 12 1908 20 2467; baseline 0 0"><span class='ocrx_word' id='word_1_181' title='bbox 12 1908 20 2467; x_wconf 95' lang='lat' dir='ltr'><strong> </strong></span> 
     </span>
    </p>
   </div>
  </div>
 </body>
</html>
