1702 3158
210 237 273 277 ‘tio
302 250 342 290 p.
359 237 440 276 117
469 236 524 276 in.
582 235 645 275 Ad
663 234 842 276 Alexidis
872 235 1004 275 iocum
1035 239 1220 288 spectare
1249 236 1523 276 existimabam
1548 237 1655 289 glos-

215 319 301 346 sam
331 306 465 346 Photii
495 319 536 358 p.
556 305 637 344 368
664 305 705 343 4.
738 298 895 355 Πάγον
921 299 1105 357 εὐτειχῆε
1139 303 1184 343 ἐν
1214 300 1302 358 ὄρει
1331 305 1656 358 τετειχισμένην,

214 375 286 414 ubi
316 371 470 427 Πάρον
498 374 736 413 scribebam.
801 374 920 414 Nunc
956 375 1074 415 video
1115 375 1216 416 haec
1258 375 1308 415 ad
1338 376 1544 428 Euripidis
1574 377 1654 417 An-

216 444 345 485 drom.
376 445 481 483 1011
515 441 733 482 referenda
763 455 870 484 esse.

912 512 966 553 11.

322 595 595 637 Antiatticista
623 608 665 648 p.
695 596 776 635 106
806 597 872 636 16.
915 590 1275 647 Λαβὸμενοςε
1318 590 1417 634 ἀντὶ
1460 591 1538 633 τοῦ
1580 592 1655 633 λα-

214 658 318 716 βών.
375 659 554 714 ”Αλεξις
591 659 879 718 Ἀρχιλόχοις.
940 665 1165 719 Respicere
1213 666 1375 706 videtur
1417 665 1469 706 ad
1508 666 1656 714 locum,

213 734 342 786 qualis
372 739 435 775 est
463 734 643 776 Alexidis
673 735 805 788 Epici.
832 736 882 775 8:
912 729 1095 787 ἀπάγειν
1123 731 1367 789 λαβόμενον
1395 728 1453 783 εἷς
1481 732 1531 774 τὸ
1561 732 1656 774 δεσ-

211 814 442 857 μωτηριον.

215 125 300 166 894
811 123 1071 166 ALExlmS

565 975 1201 1021 ΑΣΚΛΗΙΙΙΟΚΛΕΙΔΗΣ.
1258 983 1298 1032 Ι’)

743 1091 887 1146 Οὕτως
918 1094 968 1138 δ’
1000 1094 1231 1154 ὀψοποιεῖν
1258 1095 1422 1153 εὐφυῶς

375 1182 472 1239 περὶ
499 1181 580 1234 τὴν
608 1180 811 1224 Σικελίαν
840 1178 970 1231 αὐτὸς
998 1179 1188 1238 ἔμαθον,
1214 1174 1325 1223 ὥστε
1354 1179 1452 1229 τοὺς

375 1266 656 1317 δειπνοῦντας
684 1262 743 1316 εἰς
771 1264 826 1308 τὰ
854 1261 1033 1320 βατάνι’
1063 1265 1268 1320 ἐμβαλεῖν
1296 1263 1406 1308 ποιῶ

373 1351 509 1394 ἐνίοτε
536 1349 636 1401 τοὺς
664 1347 850 1400 ὀδόντας
878 1348 962 1392 ὑπὸ
992 1348 1066 1401 τῆς
1094 1347 1267 1401 ἡδονῆς.

321 1467 555 1509 Athenaeus
586 1466 643 1508 1V
672 1479 712 1518 p.
743 1466 825 1505 169
842 1465 890 1505 d:
932 1459 1210 1516 βατάνιον
1240 1457 1288 1501 δ’
1317 1459 1481 1514 εἴρηκεν
1509 1455 1653 1499 Ἀντι-

210 1530 353 1592 φάνης
389 1560 443 1567 —
472 1531 650 1584 ”Αλεξις
679 1529 728 1573 δ’
757 1532 803 1572 ἐν
837 1528 1229 1588 Ἀσκληπιοκλείδῃ
1252 1524 1396 1578 Οὕτως
1424 1528 1512 1571 κτλ.
1569 1530 1665 1579 Βεε-Ἄ

211 1608 343 1661 spexit
372 1607 507 1647 locum
537 1606 615 1645 alio
647 1605 787 1645 codice
818 1616 916 1644 usus
947 1604 1091 1645 Pollux
1120 1603 1159 1644 X
1188 1603 1293 1643 107:
1324 1597 1498 1650 ’Ἄλεξις
1535 1597 1579 1638 δὲ
1609 1597 1653 1638 ἐν

208 1672 600 1729 Ἀσκληπιοκλείδῃ
646 1668 895 1713 πατάνια
939 1671 1115 1726 εἴρηκεν.
1202 1672 1276 1712 Cfr
1319 1671 1369 1711 ad
1412 1670 1652 1722 Antiphanis

208 1747 356 1799 fragm.
387 1761 425 1799 p.
454 1746 523 1785 51.
594 1747 707 1796 Quae
745 1745 840 1782 inde
878 1757 900 1782 a
929 1744 1062 1783 verbi·
1100 1735 1209 1781 ὥστε
1247 1737 1346 1787 τοὺς
1375 1738 1653 1786 δειπνοῦντας
1693 1749 1696 1752 ·

209 1817 415 1869 leguntur,
446 1815 584 1867 paucis
614 1815 777 1853 mutatis
797 1814 932 1864 posuit
960 1818 1083 1864 poeta
1113 1812 1231 1851 etiam
1261 1812 1510 1868 iussrateua,
1540 1810 1652 1849 cuius
1684 1825 1690 1827 >

208 1886 302 1927 vide
331 1886 495 1938 Fragm.
525 1883 544 1923 Ι
573 1883 625 1923 21
657 1895 744 1934 sqq.
801 1881 873 1922 Vs.
903 1881 930 1920 3
968 1874 1145 1932 βατάνι’
1178 1879 1406 1931 Schweigh.
1443 1873 1653 1931 βατάνεια

209 1957 327 2000 ΑΒΡ.
386 1955 495 1997 Tum
522 1950 727 2007 ἐμβαλεῖν
757 1951 1090 2004 langermannus.
1149 1949 1260 1991 Libri
1288 1945 1505 2000 ἐκβαλεῖν.’
1692 1946 1696 1950 ’

616 2122 1246 2169 ΑΣΩΤΟΔΙΔΑΣΚΑΛΟΣ.

435 2213 490 2257 Τι’
518 2215 657 2257 ταῦτα
687 2217 837 2273 ληρεῖς,
867 2215 1112 2273 φληναφῶν
1140 2212 1229 2256 ἄνω
1258 2209 1373 2254 κάτω

427 2299 624 2355 Λύκειον,
649 2297 963 2357 Ἀκαδήμειαν,
990 2298 1189 2343 Ὠιδείου
1216 2298 1368 2352 πύλας,

427 2384 583 2443 λήρους
611 2385 855 2441 σοφιστῶν;
883 2383 984 2428 οὐδὲ
1012 2381 1059 2427 ἓν
1088 2382 1252 2427 τούτων
1280 2383 1427 2430 καλόν.

431 2469 635 2526 πίνωμεν,
667 2467 925 2524 ἐμπίνωμεν,
952 2460 986 2510 ὦ
1016 2468 1171 2521 Σίκων,
1202 2467 1358 2522 Σίκων,

373 2557 401 2597 5
425 2552 656 2610 χαίρωμεν,
685 2553 762 2604 ἕως
790 2551 931 2596 ἔνεστι
957 2554 1038 2606 τὴν
1064 2553 1210 2611 ψυχὴν
1238 2554 1421 2610 τρέφειν.

300 2683 336 2729 *)
359 2686 400 2720 V.
423 2684 511 2719 Hist.
537 2687 612 2721 crit.
635 2698 669 2731 p.
694 2687 773 2722 397.
