1702 3158
475 150 704 196 ΛΟΛΩΝ.
764 148 1038 193 ΕΙΡΗΝΗ.
1404 129 1498 192 '221

33 272 251 316 Thericles
292 268 451 311 iuvenis
487 267 748 313 confecisset.
815 266 893 307 His
924 263 1086 318 scriptis
1114 261 1234 304 video
1265 262 1500 305 Dobraeum

31 344 134 386 Δάν.
167 343 204 382 ll
237 356 278 395 p.
309 341 385 380 331
422 339 610 380 similiter
640 339 776 378 locum
806 336 1072 384 intellexisse,
1098 334 1175 374 nisi
1205 334 1315 386 quod
1345 336 1499 388 parasi-

23 419 116 455 tum
147 414 217 453 ina
248 412 388 452 dicere
419 411 645 450 existimat:
677 409 782 449 adeo
800 407 1030 461 diligenter
1052 405 1192 445 omnia
1221 405 1500 455 absumebam,
1524 430 1526 432 >

29 491 78 524 ut
94 484 260 536 fictilia
297 482 511 521 redderem
543 478 720 533 pnrz'ora
752 492 874 532 quam
913 483 992 517 etc.
1062 477 1236 517 Versum
1274 476 1500 516 secundum

33 559 76 594 et
105 554 289 602 tertium,
320 551 456 591 attulit
487 551 609 591 etiam
641 550 799 591 Moeris
830 548 953 590 Attic.
983 560 1022 600 p.
1049 547 1131 586 188
1160 550 1202 585 et
1231 559 1280 586 ex
1309 546 1501 587 Moeridc
1547 561 1551 567 ¹

33 624 216 665 Thomas
246 624 359 676 Mag.
391 636 431 675 p.
450 623 530 661 182
561 621 721 662 omissis
752 625 887 659 tamen
919 617 1139 671 postremis
1169 610 1286 665 ἡνίκ’
1308 603 1363 665 ἦν
1393 613 1501 666 νέος,

30 718 87 726 -
128 693 201 734 Vs.
231 694 259 732 2
302 692 451 732 Thom.
485 685 802 743 καθαρώτερον
832 686 877 727 δὲ
909 686 995 727 τῶν
1022 682 1221 742 κεράμων
1246 678 1502 739 εἰργάσμην,

31 763 375 815 quemadmodum
406 762 513 801 haec
542 762 625 813 legi
657 762 778 800 etiam
810 760 850 799 in
882 759 1102 800 scholiasta
1133 758 1316 799 Platonis
1346 757 1502 797 inedito

31 836 170 872 narrat
200 831 416 871 Harlesius
448 831 554 870 Bibl.
586 844 647 883 gr.
680 830 717 868 11
749 842 789 881 p.
820 828 919 867 444.
958 853 1012 860 ——
1043 830 1114 870 Vs.
1145 830 1171 868 3
1202 823 1279 873 τὰς
1310 823 1500 873 κύλικας.

30 902 213 951 Moeris,
245 901 397 942 Tliom.
436 905 476 939 et
518 899 646 939 schol.
680 899 783 938 Plat.
815 892 1101 950 τάκπώματα.
1161 897 1350 938 Eundem
1389 897 1502 937 hunc

29 984 194 1013 versum
231 971 271 1011 in
302 976 441 1011 mente
470 970 613 1010 habuit
644 968 826 1022 Etymol.
857 969 916 1009 M.
948 981 989 1021 p.
1016 969 1098 1008 451
1130 969 1199 1008 29.
1240 964 1501 1021 Θηρικλέους

29 1040 198 1082 τέκνονε
239 1036 377 1093 κῄλιξ,
419 1035 473 1090 ἢν
503 1038 676 1092 λέγουσι
716 1040 823 1090 (scr.
857 1036 1056 1090 Myetm)
1094 1036 1263 1092 πρῶτος
1292 1034 1501 1093 κεραμεὺς

34 1109 248 1167 Θηρικλῆς
276 1102 570 1162 ποιῆσαι,“ὠ”ς
600 1122 740 1165 φησιν
771 1106 996 1162 Εὔβουλος
1025 1104 1049 1149 ὁ
1079 1106 1155 1158 τῆς
1182 1107 1318 1162 μέσης
1348 1121 1501 1164 κωμῳ-

31 1179 130 1231 δίας
168 1177 363 1232 ποιητής.
435 1183 481 1223 In
520 1182 585 1222 his
626 1182 751 1221 verba
787 1177 1047 1234 Θηρικλέους
1086 1178 1237 1218 τέκνον
1277 1180 1326 1219 ad
1360 1180 1500 1220 Theo-

30 1254 171 1307 pompi
200 1255 318 1294 Nem.
349 1254 447 1294 γι]
477 1251 698 1292 referenda
729 1255 836 1291 sunt.
868 1252 929 1291 De
959 1251 1181 1304 postremis
1212 1251 1348 1290 verbis
1381 1243 1499 1298 ἡνίκ’

29 1313 86 1373 ἦν
134 1322 228 1371 νέος
275 1323 337 1364 cfi·
387 1322 620 1363 Bentleium
667 1322 871 1374 Respons.
910 1321 975 1362 ad.
1015 1321 1134 1373 Boyl.
1173 1334 1213 1372 p.
1244 1321 1329 1360 217
1372 1319 1499 1372 Lips.‚

30 1398 171 1436 contra
201 1406 322 1446 quem
352 1395 421 1446 qui
451 1405 584 1446 nuper
614 1392 834 1444 disputavit
863 1392 905 1432 in
932 1392 1168 1432 doctissima
1198 1391 1250 1430 de
1268 1389 1500 1430 Thericleis

30 1465 187 1518 poculis
218 1465 505 1505 dissertatione
535 1462 779 1504 Welckerus
810 1463 952 1512 (Mus.
984 1463 1121 1503 Rhen.
1154 1461 1292 1511 1839)
1322 1461 1372 1501 iis
1401 1472 1500 1500 usus

32 1539 95 1576 est
133 1536 409 1588 argumentis,
447 1547 576 1587 quae,
619 1538 664 1573 ut
693 1533 794 1572 mihi
825 1533 991 1585 quidem
1033 1533 1221 1582 videtur,
1259 1529 1500 1571 labefactari

29 1610 204 1659 possunt
232 1610 388 1646 tantum
419 1617 501 1645 non
531 1604 680 1644 omnia.

404 1720 415 1724 -
732 1687 805 1726 Ill.

143 1759 320 1799 Photius
353 1759 449 1799 Lex.
480 1771 520 1811 p.
551 1757 635 1797 463
667 1757 734 1797 13.
766 1752 899 1808 πρὸς
928 1755 1142 1810 φθεῖρα
1173 1749 1497 1808 κείρασθαιε

33 1823 260 1880 Εὔβουλος
299 1825 448 1883 Δούλῳ
488 1823 710 1878 (Δόλωνι).
780 1827 924 1867 Pollux
956 1827 995 1866 ll
1037 1828 1114 1867 29:
1154 1822 1300 1878 ἔλεγον
1340 1821 1387 1864 δὲ
1426 1824 1502 1864 καὶ

34 1894 165 1954 πρὸς
207 1895 437 1954 φθορὰν
479 1891 508 1948 ἢ
550 1896 760 1951 φθεῐρα
804 1894 1110 1951 κείρεσθαι
1154 1893 1235 1946 τὴν
1276 1894 1502 1948 πένθιμον

34 1964 219 2023 κουράν,
244 1965 302 2018 ὥς
330 1964 554 2021 Εὔβουλος
584 1963 608 2007 ὁ
636 1962 836 2021 κωμικός.
904 1969 948 2009 ln
979 1969 1043 2009 his
1072 1981 1147 2021 pro
1178 1963 1286 2020 πρὸς
1315 1962 1502 2020 φθορὰν

37 2041 127 2081 cod.
155 2042 191 2082 A
219 2041 344 2081 habet
375 2035 635 2092 προσφορὰν
664 2040 825 2080 omissis
857 2033 884 2088 ἢ
913 2038 1098 2093 φθεῖρα.
1156 2038 1260 2079 cod.
1291 2038 1500 2089 Iungerm.

37 2116 171 2151 autem
200 2113 362 2152 nonnisi
392 2107 501 2164 πρὸς
531 2106 731 2164 ᾳθείραν
761 2111 875 2161 (sic).
942 2110 1051 2162 Quid
1089 2109 1141 2149 sit
1177 2105 1285 2162 πρὸς
1314 2102 1502 2160 φθορὰν

38 2177 274 2234 κείρασθαι
314 2182 474 2231 nescio;
512 2187 555 2221 at
591 2178 698 2234 πρὸς
735 2171 905 2234 ‹pff-esyci
949 2172 1191 2233 κεῖρασθαι
1232 2178 1388 2218 comice
1421 2178 1500 2218 dici

37 2253 167 2304 poluit
195 2254 361 2294 tonderi
390 2253 448 2294 ad
476 2258 612 2292 cutem
640 2265 782 2305 usque.
834 2238 981 2291 Pollu‘x
1010 2250 1188 2290 sortasse
1217 2248 1380 2301 scripsit
1408 2246 1500 2287 καὶ

40 2318 169 2375 πρὸς
196 2323 407 2378 φθεῖρα
435 2320 767 2376 κείρασθαι,
799 2322 959 2363 omissis
988 2322 1067 2361 illis
1099 2315 1286 2374 φθορὰν
1314 2312 1357 2366 η’.

480 2499 523 2539 Ε
574 2498 606 2538 Ι
659 2499 701 2539 P
756 2498 807 2538 H
866 2497 910 2538 N
969 2496 1034 2540 Η.

152 2584 421 2625 Antiatticista
450 2599 492 2638 p.
523 2587 577 2626 86
608 2586 685 2626 3⁰:
724 2583 913 2637 γέμειν
950 2579 1032 2631 τὴν
1072 2577 1183 2620 ναῦν
1221 2575 1358 2634 μόνον
1386 2578 1501 2633 φασὶ

45 2647 134 2690 δεῖν
169 2650 322 2703 λέγειν,
359 2653 414 2693 τὰ
452 2650 495 2694 δ’
528 2652 639 2695 ἄλλα
674 2651 814 2709 μεστὰ
855 2652 1006 2706 λέγειν.
1063 2650 1221 2704 ἐλέγχει
1259 2647 1305 2691 δ’
1341 2645 1500 2696 αὐτοὺς

43 2715 264 2772 Εὔβουλος
293 2716 469 2780 Εἰρήνῃ.
