1702 3158
229 158 312 199 490
817 160 1074 203 ALExlms

614 323 1289 371 ΤΡΑΥΜΑΤΙΑΣ.

941 449 973 489 1.

998 526 1086 569 Τὸν
1113 526 1195 585 γάρ
1224 525 1414 574 ὕστατον

472 606 630 664 τρέχων
659 606 839 651 δίαυλον
868 611 945 653 τοῦ
978 609 1079 666 βίου
1107 610 1181 662 ζῆν
1209 610 1437 670 βούλομαι.

330 710 529 752 Stobaeus
567 713 709 754 Floril.
749 712 881 754 cxlx
920 713 973 752 15
1012 727 1103 755 cum
1143 715 1337 757 lemmate
1372 712 1591 769 Ἀλέξιδος
1625 718 1670 760 ἐκ

228 776 522 834 Τραυματίου.
919 837 958 876 Π

445 915 520 966 Τίς
548 914 642 971 οὐχὶ
671 913 801 971 φήσει
831 914 930 965 τοὺς
955 916 1140 973 ἐρῶντας
1167 918 1242 970 ζῆν
1268 916 1448 975 μόνους,

436 996 477 1041 εἰ
503 999 574 1040 δεῖ
596 1014 641 1054 γε
671 998 842 1054 πρῶτον
869 1003 948 1054 μὲν
978 999 1424 1056 στρατευτικωτάτους

439 1074 569 1135 εἶναι,
597 1084 745 1124 πονεῖν
773 1097 818 1123 τε
847 1082 1111 1137 δυναμένους
1138 1087 1228 1134 τοῖς
1256 1081 1457 1139 σώμασιν

435 1162 647 1221 μάλιστα,
672 1163 975 1222 προσεδρεύειν
1002 1163 1050 1208 τ’
1084 1163 1286 1222 ἀρίστους
1316 1167 1374 1226 τῷ
1401 1164 1548 1226 πόθῳ,

436 1247 697 1301 ποιητικούς,
727 1245 921 1304 ἰταμούς,
952 1247 1223 1306 προθύμους,
1253 1248 1474 1309 εὐπόρους,

434 1333 481 1375 ἒν
509 1334 597 1382 τοῖς
626 1329 807 1388 ἀπόροις
835 1333 1088 1387 βλέποντας,
1116 1332 1435 1385 ἀθλιωτάτους.

324 1447 560 1489 Athenaeus
600 1446 701 1487 XIII
737 1459 778 1499 p.
807 1445 889 1485 562
904 1445 945 1486 f:
987 1441 1011 1485 ὁ
1055 1441 1107 1485 δ’
1147 1442 1279 1494 αὐτὸς
1322 1437 1447 1495 οὗτος
1483 1444 1664 1497 ποιητὴς

214 1515 287 1557 καὶ
317 1516 413 1571 περὶ
441 1514 527 1555 τῶν
555 1510 746 1570 ἐρώντων
775 1512 821 1552 ἐν
850 1511 909 1570 τῷ
937 1511 1267 1571 ἐπιγραφομένῳ
1288 1513 1548 1573 Τραυματίᾳ
1576 1530 1662 1570 φη-

213 1586 287 1628 σὶν
313 1579 448 1634 οὕτως
481 1582 557 1634 Τίς
585 1582 681 1639 οὐχὶ
710 1579 841 1639 ᾳήσει
869 1582 958 1624 κτλ.
994 1586 1155 1626 Alexidi
1182 1585 1259 1627 hos
1287 1600 1428 1628 versus
1457 1588 1662 1629 vindicare

213 1660 382 1697 conatus
410 1669 499 1697 sum
528 1656 635 1696 nist.
665 1655 754 1695 crit.
784 1667 825 1707 p.
854 1654 951 1694 519.
1011 1655 1124 1696 Vs.2
1153 1649 1226 1703 οὕς
1256 1653 1326 1695 δεῖ
1348 1655 1397 1696 τὸ
1427 1654 1597 1711 πρῶτον
1613 1659 1661 1699 L.

212 1722 298 1766 ἔδει
313 1723 482 1780 πρῶτον
495 1726 579 1766 PV.
609 1721 694 1764 ἔδει
711 1736 756 1775 γε
772 1720 1034 1775 πρῶτονΑΒ.
1064 1724 1216 1778 Scripsi
1243 1727 1322 1766 iam
1339 1727 1436 1767 olim
1451 1719 1492 1765 εἰ
1503 1723 1659 1780 &cipro

212 1793 312 1838 ἔδει.
340 1797 475 1849 Atque
502 1795 558 1835 ita
586 1806 693 1835 nunc
719 1794 840 1833 etiam
871 1793 1080 1833 uobraeus
1108 1794 1211 1836 Adv.
1239 1796 1277 1835 Π
1305 1809 1346 1848 p.
1367 1796 1462 1837 342.
1493 1796 1595 1837 lbid.
1623 1797 1657 1836 B

211 1859 594 1918 στρατικωτάτους.
623 1889 679 1895 --
707 1862 818 1904 V8.5
835 1867 877 1900 et
894 1864 918 1900 6
950 1863 1156 1902 lacobsius
1172 1864 1319 1905 Exere.
1345 1865 1466 1905 crit.I
1496 1865 1656 1918 p.213:

211 1924 258 1974 εὖ
303 1930 463 1987 πόρους
503 1931 549 1972 έν
592 1931 681 1979 τοῖς
722 1926 902 1984 ἀπόροις
944 1929 1207 1982 βλέποντας,
1258 1945 1363 1985 quae
1414 1935 1657 1987 perelegans

211 2009 275 2045 est
311 2005 558 2045 coniectura.
625 2002 739 2041 Idem
775 2013 849 2053 pro
879 1994 1183 2048 ἀθλιωτάτους
1212 2003 1386 2043 coniecit
1414 1997 1655 2055 ἀλκιμωτά-

209 2085 324 2120 τους.
386 2073 539 2113 Lenius
577 2071 756 2123 corrigas
791 2065 1142 2119 ἀθλικωτάτους,
1189 2071 1303 2111 cuius
1353 2073 1540 2112 adiectivi
1577 2073 1655 2115 etsi

208 2143 366 2187 nullum
404 2142 632 2194 exemplum
668 2140 824 2188 haheo,
871 2145 1003 2179 tamen
1039 2143 1081 2179 et
1119 2146 1231 2181 recte
1270 2141 1487 2184 formatum
1525 2147 1566 2182 et
1603 2143 1654 2184 ad

209 2214 452 2254 sententiam
490 2211 740 2265 aptissimum
778 2214 850 2250 est.
925 2210 1117 2251 Fortasse
1153 2215 1288 2255 tamen
1324 2214 1477 2252 servari
1515 2216 1652 2267 potest

207 2283 374 2324 editum.

631 2428 1235 2474 ΤΡΟΦΩΝΙΟΣ.

915 2545 947 2585 1.

632 2628 729 2672 Νῦν
759 2628 809 2671 δ’
838 2625 913 2672 ἵνα
941 2629 1001 2685 μὴ
1033 2629 1250 2680 παντελῶς
1278 2627 1484 2674 Βοιώτιοι

317 2707 543 2767 φαίνησθ’
576 2703 688 2755 εἶναι
716 2715 804 2765 τοῖς
834 2711 1054 2771 διασύρειν
1083 2712 1191 2770 ὑμᾶς
1217 2710 1496 2769 εἰθισμένοις,
