1702 3158
434 148 699 194 FABULAE
739 144 1044 190 mmmmm.
1395 141 1479 183 81⁷

117 268 355 312 Athenaeus
370 264 450 310 Vn
477 277 518 320 p.
538 262 670 306 295¹:
701 262 755 305 de
783 261 933 316 glauco
963 257 1078 314 pisce
1106 255 1337 298 disserens·
1352 249 1482 309 ''An-

5 354 82 397 φις
119 365 174 372 -—
211 336 259 378 ἐν
301 332 549 392 Φιλεταίρῳ
583 329 734 389 ’Έχειν
777 330 869 375 κτλ.
941 331 1015 375 Va.
1045 329 1071 371 1
1114 328 1185 369 BP
1227 321 1481 380 ἕγχελίδιον.

7 413 70 457 De
107 405 342 464 καθαρίως
386 408 481 450 vide
509 419 635 460 supra
664 419 705 460 p.
734 405 834 446 281.
891 428 947 437 -
1001 401 1077 446 Vs.
1113 401 1142 442 2
1163 392 1486 453 γλαυκινιδίου

6 484 129 527 ΔΒΡ.
181 474 437 535 γλαυκιδίου
464 478 555 522 VL.
603 474 835 529 γλαυκΐνος
861 474 973 516 idem
1004 472 1076 526 qui
1103 468 1305 526 γλαῦκος,
1333 474 1381 513 ut
1411 481 1484 509 κε-

9 552 185 610 στρΐνος
213 552 365 594 dicitur
394 555 438 592 et
466 543 677 601 κεστρεύς.

153 716 539 763 INGERTARUM
575 712 934 757 FABULARUM
973 709 1349 754 FRAGMENTA.

738 827 771 867 Ι.

28 961 34 963 „
68 909 286 963 Ποδαπὸς
329 907 409 964 σὺ;
455 905 644 967 φράσον.
713 907 769 951 B.
811 902 1076 955 Ἀκάνθιος.
1139 904 1201 949 A.
1243 894 1339 944 εἶτα
1382 899 1491 960 πρὸς

869 989 994 1035 θεῶν

31 1083 197 1126 «οἴνου
227 1079 408 1132 πολίτης
436 1076 501 1122 ὢν
528 1078 765 1137 κρατίστου
795 1073 1018 1134 στρυφνὸς
1045 1065 1097 1128 εἷ,

75 1168 151 1211 καὶ
180 1164 363 1222 τοῦνομ’
394 1162 504 1207 αὐτὸ
534 1163 612 1217 τῆς
641 1161 853 1220 πατρίδος
881 1162 928 1204 ἐν
954 1161 1047 1211 τοῖς
1075 1155 1256 1218 τρόποις

76 1251 198 1310 ἔχεις,
225 1250 281 1293 τὰ
309 1248 360 1291 δ’
389 1247 487 1302 ἤθη
518 1263 606 1292 των
635 1248 827 1292 πολιτῶν
856 1244 936 1289 οὐκ
965 1244 1099 1302 ἕχειςς

131 1345 372 1386 Athenaeus
402 1344 419 1383 1
447 1358 488 1398 p.
504 1344 622 1384 309.
652 1340 825 1382 ἐπαινεῖ
840 1335 1020 1394 ”Αμφις
1043 1351 1119 1378 και
1148 1331 1229 1375 τὸν
1256 1333 1302 1387 ἐξ
1326 1329 1495 1376 Ἀκάν-

20 1412 115 1455 θου
143 1410 308 1462 πόλεως
335 1403 456 1453 οἶνον
484 1412 621 1467 λέγων
653 1409 875 1459 Ποδαπός
903 1409 994 1452 κτλ.
1067 1410 1141 1452 Vs.
1173 1409 1197 1449 1
1228 1408 1324 1448 libri
1351 1395 1396 1446 εἶ
1417 1420 1496 1461 pro

23 1480 102 1547 σύ,
131 1486 242 1539 quod
271 1486 456 1539 reposuit
484 1486 709 1527 Elmsleius
738 1485 789 1526 ad
820 1483 1031 1537 Euripidis
1061 1479 1213 1523 Bacch.
1245 1479 1341 1520 654.
1412 1478 1498 1520 Sed

22 1556 199 1599 fortasse
228 1558 352 1599 verba
381 1554 582 1605 ποδαπὸς
611 1546 669 1608 εἷς
699 1551 872 1611 φράσον
901 1555 944 1596 in
973 1554 1058 1595 fine
1084 1551 1374 1607 praecedentis
1403 1563 1499 1592 ver-

25 1640 95 1671 sus
131 1629 346 1682 ponenda,
396 1633 439 1669 et
477 1629 584 1669 inter
621 1626 796 1683 φράσον
830 1631 872 1668 et
917 1619 1169 1672 Ἀκάνθιος
1206 1626 1354 1665 lacuna
1391 1622 1509 1682 indi-‚¹

26 1699 168 1743 canda.
221 1721 271 1730 -
313 1700 384 1742 Vs.
415 1700 444 1739 4
483 1695 539 1738 τὰ
568 1694 619 1739 δ’
651 1695 749 1748 ἤθη
787 1695 875 1736 τῶν
903 1693 1094 1736 πολιτων
1129 1689 1208 1735 οὐκ
1237 1689 1356 1747 ἔχεις.
1417 1694 1500 1735 lta-

27 1766 108 1826 qne
134 1782 296 1813 morum
325 1770 640 1813 mansuetudine
670 1768 862 1812 Acanthii
892 1767 1163 1809 excellebant.

736 1883 789 1923 Π.

202 1963 292 2009 Οὐκ
321 1963 455 2019 ἔστιν,
482 1962 540 2016 ὥς
569 1963 691 2017 ἔοικε,
723 1963 961 2022 φάρμακον
988 1962 1137 2020 μέθης

196 2048 322 2094 οὐδὲν
351 2051 567 2094 τοσοῦτον
594 2047 652 2101 ὦς
681 2050 733 2093 τὸ
764 2050 1026 2108 προσπεσεῖν
1054 2044 1183 2103 ἄφνω

197 2133 341 2188 λύπην
369 2134 475 2180 τίν’.
532 2131 669 2187 οὕτως
697 2133 913 2190 ἐξελαύνει
941 2133 1025 2191 γὰρ
1053 2130 1178 2188 ταχύ,

200 2218 379 2277 σφόδρα
407 2221 541 2279 λῆρον
567 2216 677 2265 ὥστε
708 2220 787 2273 τὰς
815 2218 1044 2281 ῥαφάνους
1072 2215 1208 2267 ὄντως
1237 2215 1394 2261 δοκεῖν.

147 2314 386 2357 Athenaeus
425 2316 444 2357 Ι
484 2329 525 2370 p.
555 2315 611 2356 34
626 2328 664 2356 e.
709 2315 762 2356 de
794 2309 972 2370 κράμβῃ
1009 2312 1279 2354 temulentiae
1316 2309 1505 2351 remedio

39 2383 267 2426 disserens:
306 2378 375 2425 ὅτι
419 2382 466 2424 δὲ
505 2381 586 2435 τὴν
628 2379 832 2440 κράμβην
874 2381 1079 2441 ῥάφανον
1113 2378 1296 2423 ἐκάλουν
1336 2379 1380 2421 οἱ
1417 2394 1506 2421 πα-

39 2451 156 2495 λαιοὶ
183 2453 314 2506 δηλοῖ
338 2483 393 2490 -
413 2451 592 2511 ”Αμφις
627 2451 716 2496 Οὐκ
746 2452 867 2496 ἔστιν
894 2454 985 2496 κτλ.
1053 2456 1126 2498 Vs.
1157 2455 1185 2494 3
1221 2448 1332 2506 ταχὺ
1368 2452 1506 2494 addidi

39 2537 132 2567 eum
171 2527 360 2568 Dobraeo
404 2532 447 2568 et
489 2522 669 2582 σφόδρα
710 2528 753 2568 in
796 2532 1041 2581 sequentem
1085 2537 1250 2566 versum
1288 2524 1405 2565 traxi.
1449 2549 1507 2556 —

0 2626 2 2632 ·
41 2593 116 2647 VJ·
143 2596 172 2636 4
207 2594 338 2651 λῆρον
365 2598 488 2639 Bcn.
546 2595 705 2652 λῆρους
741 2598 862 2649 (sic)
895 2599 944 2639 V.
1002 2591 1160 2651 λήρους
1189 2596 1239 2638 L.
1294 2595 1359 2637 De
1393 2587 1507 2635 ὥστε

44 2666 267 2721 postposito
301 2669 516 2711 Dobraeus
555 2669 679 2710 affert
710 2668 944 2710 Porsonum
974 2668 1078 2710 Adv.
1108 2681 1150 2721 p.
1179 2667 1278 2709 264.
1342 2666 1528 2715 Eodemg

0 2735 3 2768 Γ
43 2737 212 2778 umor*
239 2730 370 2788 ὄντως
397 2740 548 2795 scripsi
577 2753 653 2795 pro
684 2740 886 2782 librorum
917 2739 1099 2782 lectione
1125 2731 1277 2786 οὕτως.
