1702 3158
456 580 1553 715 ·PH1LETAERUS.RU

715 730 843 779 (nist.
874 731 962 772 crit.
993 745 1033 784 p.
1063 731 1166 781 349)

479 893 802 937 ΑΔΩΝΙΑΖΟ
812 895 967 938 ΥΣΑΙ.
1002 900 1006 903 ’
1049 869 1402 936 ΑΝΤΥΛΛΟΣ.

329 980 436 1024 Vide
465 980 708 1036 Philippidis
744 986 786 1023 et
814 980 1037 1024 Nicostrati
1072 979 1301 1034 fragmenta
1336 974 1563 1018 fabularum
1591 982 1662 1012 co-

218 1063 467 1106 gnommum.

636 1168 1243 1213 ΑΣΚΛΗΠΙΟΣ.

439 1343 652 1386 Ἐνὲσεισε
679 1341 844 1398 μεστὴν
872 1342 969 1384 ἴσον
998 1342 1077 1398 ἴσῳ
1105 1338 1419 1396 μετανιπτρίδα

440 1424 631 1482 μεγάλην
661 1425 846 1469 ἐπειπών
873 1426 949 1479 τῆς
972 1423 1151 1480 Ὑγιείας
1179 1420 1386 1479 τοῦνομα.

335 1518 573 1560 Athenaeus
600 1517 660 1558 Xl
688 1532 729 1571 p.
759 1518 842 1558 487
857 1531 893 1558 a.
928 1517 982 1557 de
1007 1510 1285 1568 μετανιπρίδι
1313 1514 1537 1553 disserens:
1578 1508 1664 1551 Φι-

223 1587 416 1644 λέταιρος
440 1584 696 1642 Ἀσκληπιῷ
719 1581 935 1626 Ἐνέσεισε
963 1581 1127 1638 μεστὴν
1154 1582 1242 1625 κτλ.
1286 1583 1399 1626 Vs.2
1428 1582 1522 1623 libri
1548 1575 1669 1620 ὑπει-

225 1655 332 1701 πών.
387 1659 577 1701 Correxit
605 1657 1033 1711 Schweighaeuserus.

920 1741 974 1780 11.

336 1826 571 1867 Athenaeus
599 1824 677 1866 Vll
717 1836 758 1876 p.
787 1823 930 1864 842³:
970 1819 1226 1875 Φιλέταιρος
1262 1815 1308 1859 δ’
1336 1817 1382 1858 ἐν
1415 1812 1671 1873 Ἀσκληπιῷ

227 1893 305 1935 τὸν
343 1889 601 1946 ’Υπερείδην
640 1889 747 1946 πρὸς
788 1890 848 1948 τῷ
890 1887 1139 1946 ὀψοφαγεῖν
1179 1889 1255 1930 καὶ
1298 1884 1492 1941 κυβεύειν
1533 1882 1670 1927 αὐτόν

228 1976 352 2019 φησι.
415 1963 543 2005 Aleae
583 1963 696 2003 lusus
732 1974 852 2014 quam
888 1962 1183 2016 ignominiosus
1219 1961 1272 2002 sit
1299 1960 1461 2000 habitus
1490 1959 1540 1999 ab
1568 1958 1671 1998 anti-

230 2035 321 2088 quis
353 2037 495 2074 notum
524 2037 601 2073 est.
634 2033 685 2074 V.
715 2033 823 2072 Hist.
854 2032 942 2073 erit.
971 2045 1013 2085 p.
1037 2032 1134 2072 364.
1189 2031 1382 2072 Fortasse
1409 2032 1544 2069 tamen
1573 2027 1671 2068 Phi-

229 2106 411 2145 letaerus
449 2098 644 2155 κυβεύειν
672 2102 817 2143 latiore
844 2114 966 2143 sensu
995 2102 1047 2143 da
1074 2102 1316 2154 voluptuose
1343 2098 1564 2152 Hyperidis
1591 2097 1673 2138 vita

230 2171 405 2226 intelligi
432 2172 572 2213 voluit.
613 2171 907 2224 Theopompus
935 2183 1039 2212 com.
1066 2183 1108 2224 p.
1136 2171 1242 2211 8132
1272 2167 1441 2211 παῦσαι
1467 2162 1670 2220 κυβεύων,

230 2237 463 2296 μειράκιον,
493 2239 569 2281 καὶ
591 2239 682 2288 τοῖς
711 2235 875 2293 βλίτοις
903 2237 1065 2295 διαχρῶ
1092 2236 1141 2281 τὸ
1168 2234 1336 2281 λοιπόν.
1391 2237 1467 2281 oft
1484 2237 1536 2280 ad
1549 2237 1670 2281 Axio-

231 2313 312 2354 niei
339 2310 675 2364 Phileuripidem.
1174 2354 1198 2375 .

669 2427 716 2468 A
749 2428 790 2469 T
813 2429 859 2470 A
885 2429 933 2471 A
955 2428 1003 2470 A
1029 2428 1079 2470 N
1109 2429 1149 2468 Τ
1173 2427 1239 2470 Η.

453 2525 555 2571 Κᾶν
583 2527 652 2587 δῇ,
678 2524 866 2584 τροχάζω
894 2524 1054 2570 στάδια
1082 2525 1212 2568 πλείω
1239 2521 1462 2578 Σωτάδου,

454 2612 532 2653 τὸν
565 2611 762 2668 Ταυρέαν
790 2610 838 2653 δὲ
865 2611 955 2677 τοῖς
982 2607 1130 2659 πόνοις
1156 2605 1396 2665 ὑπερβαλῶ,

452 2691 530 2737 τὸν
557 2693 763 2748 Κτησίαν
789 2695 837 2738 δὲ
863 2692 924 2753 τῷ
950 2694 1106 2751 φαγεῖν
1134 2690 1407 2750 ὑπερδραμῶ.
