1702 3158
1647 0 1697 117 3

219 281 324 320 ’τιον
353 278 591 321 Diodorfius
620 283 662 319 et
691 276 1115 330 Schweighaeuserus.
1160 276 1272 317 Libri
1299 268 1483 328 γήτειον.
1523 276 1670 319 Dubito

227 354 363 391 tamen
391 361 489 391 uum
517 350 595 390 hac
621 348 753 388 forma
781 347 844 387 usi
874 347 954 387 sint
980 348 1097 400 probi
1126 347 1359 399 scriptores.
1416 347 1594 399 Etymolv.
1611 347 1670 388 M.

228 432 270 473 1).
284 420 368 460 230
396 420 471 460 23:
501 413 942 470 γήτειον-(λέγεται
961 414 1007 455 δὲ
1034 415 1108 456 καὶ
1135 410 1330 468 γήθυον)
1359 410 1572 470 γράφεται
1600 412 1672 454 διὰ

227 485 304 537 τῆς
331 500 369 527 ει
397 483 664 539 διφθόγγου.
720 481 775 524 τὰ
800 482 882 539 γάρ
912 482 998 525 ἀπὸ
1027 482 1111 524 τῶν
1139 479 1198 532 εἰς
1224 497 1271 531 ος
1300 479 1574 537 δισυλλάβων
1602 479 1674 524 οὐ·

228 555 409 611 δετέρων
437 552 511 596 διὰ
538 554 617 596 τοῦ
645 566 734 595 ειον
762 551 967 607 γινόμενα
1008 550 1211 607 οὐδέτερα
1247 548 1384 606 μόνον
1421 551 1494 594 διὰ
1529 551 1603 603 τῆς
1638 566 1676 593 ει

227 621 461 679 γράφεται·
491 616 586 665 οἷον
615 620 747 672 δάνος
777 620 961 675 δάνειον,
991 623 1111 676 γένος
1140 622 1314 675 γένειον,
1345 621 1533 677 βρένθος
1549 621 1675 677 βρέν-

229 695 373 735 θειον.
411 720 466 730 .-
506 688 640 742 οὕτως
676 683 755 734 οὗν
791 693 865 734 καὶ
903 690 991 734 ἀπὸ
1030 692 1107 743 τῆς
1139 691 1215 745 γῆς
1250 688 1414 746 γίνεται
1449 691 1577 746 γῆτος
1603 690 1677 732 καὶ

232 759 415 818 γήτειον.
459 767 594 818 Atque
622 766 678 805 itu
707 769 941 805 constanter
969 764 1275 816 Aristophanes.
1335 763 1476 815 Itaque
1504 767 1573 803 aut
1601 775 1676 814 γη-

231 834 351 875 θυον
378 835 530 884 malim,
561 839 630 875 aut
658 835 821 875 inverso
851 835 1066 874 verborum
1097 833 1238 872 ordine
1274 828 1369 884 οὐχὶ
1400 826 1586 883 βολβόν,
1623 826 1675 870 οὗ

231 899 414 957 γήτειον.
445 927 499 936 —-
530 905 600 945 Vs.
630 905 657 943 8
687 898 780 954 ξύλ’
815 904 899 944 Ac.
929 896 1055 952 ξύλον
1085 902 1244 953 reliqui.
1274 926 1327 934 -—
1360 902 1429 943 Vs.
1447 903 1474 940 9
1504 897 1678 953 ἱμονιὰν

233 975 281 1015 P.
339 973 474 1026 Vulgo
513 970 706 1025 ἱμονίαν.
771 973 968 1014 Arcadius
1008 974 1104 1012 Aee.
1144 985 1183 1023 p.
1213 971 1267 1010 99
1309 970 1387 1010 15:
1434 966 1484 1009 τὸ
1530 965 1678 1022 ἱμονιά

234 1038 341 1095 παρ’
385 1038 602 1089 Ἀττικοῖς
645 1037 854 1092 ὀξύνεται,
899 1037 1028 1089 δηλοῖ
1063 1036 1112 1079 τὸ
1154 1034 1450 1091 άντλητήριον.
1526 1041 1581 1081 Et
1622 1039 1679 1080 ita

234 1111 425 1153 scribitur
464 1112 572 1163 apud
603 1111 812 1164 Aristoph.
842 1110 1002 1150 Eccies.
1032 1108 1112 1148 351
1152 1113 1193 1148 et
1222 1108 1515 1161 Apollodorum
1553 1109 1678 1148 eomi-

236 1175 560 1223 οιιιηἈπολιπ.
589 1193 648 1221 vs.
680 1180 721 1221 3.
751 1205 804 1211 —
836 1179 907 1221 Vs.
933 1179 984 1218 11
1018 1175 1358 1232 περιεζωσμένος.
1416 1177 1465 1219 V.
1495 1177 1545 1217 ud
1575 1178 1680 1218 Ana-

235 1250 375 1291 xandr.
405 1262 446 1302 p.
479 1249 573 1290 186.
1366 1273 1369 1276 -
1695 1232 1699 1253 ‘

222 170 306 211 4⁶6
821 166 1079 208 ALEXIDIS

931 1368 1000 1410 lV.

1014 1444 1249 1502 ‘Hpioma
1278 1449 1358 1503 μέν

403 1532 461 1576 τά
489 1529 658 1589 κρεάδι’
691 1528 798 1583 ἐστι’,
827 1528 877 1571 τὸ
908 1527 1140 1586 περίκομμ’
1172 1528 1437 1573 ἀπόλλυται·

406 1615 429 1659 ὁ
461 1614 642 1673 γόγγρος
670 1610 826 1670 ἑφθός,
854 1612 910 1655 τὰ
939 1612 990 1655 δ’
1019 1611 1246 1669 ἀκροκώλι’
1279 1615 1461 1658 οὐδέπω.

351 1731 587 1774 Athenaeus
617 1728 677 1769 111
707 1741 747 1781 p.
763 1729 817 1768 96
833 1741 877 1769 a:
897 1722 1072 1778 ’Ἄλεξις
1102 1727 1346 1782 Κυβευταῖς
1373 1755 1428 1762 —
1455 1722 1536 1767 κάν
1560 1725 1691 1765 Πάν-τ

241 1797 383 1854 νυχὶδι
410 1794 439 1849 ἢ
465 1795 719 1853 Ἐρίθοισιν
742 1792 978 1848 Ἠμίοπτα
1005 1796 1093 1837 κτλ.
1155 1800 1335 1851 „Quidni
1360 1793 1580 1853 Ἐρίθοιςζῐ
1609 1796 1684 1838 nisi

242 1869 530 1921 „scribendum
555 1862 759 1921 Ἐρίθοις
778 1858 864 1905 ‘'Iv'
897 1861 1117 1919 ἡμίοπτα”
1146 1868 1393 1910 Dindorfius.
1430 1870 1548 1910 Prius
1575 1866 1686 1908 haud

243 1939 366 1980 dubie
394 1941 588 1992 praestat.

462 2119 576 2170 Εἶτα
602 2124 912 2185 τετρακότυλον
937 2125 1134 2183 ἐπεσόβει
1161 2124 1352 2170 κώθωνά
1378 2142 1468 2184 μοι,

464 2211 657 2254 παλαιὸν
684 2211 812 2254 οἴκων
840 2212 995 2267 κτῆμα.

354 2325 590 2367 Athenaeus
618 2324 679 2365 xl
708 2338 749 2378 p.
778 2325 862 2365 483
882 2337 919 2365 e.
961 2324 1013 2365 de
1040 2319 1220 2365 κώθωνι
1258 2323 1483 2363 disserens:
1514 2315 1690 2371 ”Αλεξις

243 2388 445 2448 Ἐρίθοις
472 2384 583 2434 Εἶτα
612 2391 702 2435 κτλ.
768 2394 1004 2446 Legebatur
1031 2389 1114 2433 εἴτ’
1146 2391 1192 2433 ἐν
1219 2406 1293 2447 pro
1322 2380 1436 2441 εἶτα,
1476 2390 1583 2443 quod
1624 2403 1690 2430 re·

245 2463 376 2504 stituit
417 2466 623 2505 Por-sonus
662 2463 721 2504 ud‘
750 2463 958 2516 Euripidis
995 2464 1117 2505 Med.
1139 2465 1207 2504 48.
1275 2463 1346 2504 vs.
1377 2463 1403 2500 2
1437 2461 1533 2500 iibri
1560 2457 1690 2499 πλέον

244 2530 378 2574 οἷκον.
437 2533 543 2574 Illud
573 2546 623 2574 ex
652 2533 859 2586 Euripidis
895 2533 985 2573 loco
1019 2533 1218 2587 sagaciter
1256 2531 1431 2572 correxit
1469 2529 1689 2578 Porsonus,

243 2601 314 2643 ubi
349 2603 607 2656 paedagogus
641 2601 841 2642 nutricem
876 2602 1096 2656 alloquitur
1131 2603 1197 2644 his
1227 2603 1381 2644 verbis:
1410 2594 1601 2639 παλαιὸν
1628 2595 1689 2637 οί-

243 2681 331 2710 κων
357 2668 499 2740 κτῆμα
530 2667 759 2720 δεσποίνης
786 2667 902 2724 ἐμῆς.
