1702 3158
252 156 334 196 476
831 155 979 197 ALEX
988 155 1095 198 lDIS

653 407 1206 452 ΠΥΡΑΥΝΟΣ.
1263 415 1303 463 *)

912 537 944 578 1.
1004 538 1058 578 11.

356 616 488 674 Ἐμοὶ
517 622 773 675 παρασιτεῖν
799 625 997 678 κρεῖττον
1025 614 1080 674 ἦν
1110 622 1168 680 τῷ
1195 620 1405 680 Πηγάσῳ,

1678 683 1690 709 2,

358 698 388 754 ἢ
418 706 507 752 τοῖς
536 699 779 758 Βορεάδαις
807 701 835 756 ἢ
863 705 906 747 εἴ
928 721 970 749 τι
998 706 1171 748 θᾶττον
1199 705 1262 749 ἔτι
1290 708 1438 763 τρέχει,
1679 751 1690 775 ff

358 782 387 838 ἢ
415 786 564 843 Δημὲιιι
592 783 792 842 Λάχητος
820 784 1162 847 Ἐτεοβουτάδῃ·

361 870 534 912 πέτεται
567 869 649 926 γὰρ
676 868 752 925 οὐχ
782 864 877 912 οἷον
907 871 1073 927 βαδίζει
1107 871 1183 922 τὰς
1210 870 1349 922 ὁδούς.
1682 887 1690 911 ³

513 958 533 979 α
815 958 833 980 t
1113 961 1133 983 ᾳ
1397 956 1416 976 *

301 1038 329 1079 5
357 1037 404 1079 Δ.
419 1033 616 1092 Στράτιε,
645 1036 782 1092 φιλεῖς
811 1034 953 1088 δήπου
980 1053 1055 1093 με,·
1083 1039 1217 1082 ΣΊῬ.
1230 1038 1396 1094 μᾶλλον
1409 1036 1487 1080 τοῦ
1505 1035 1692 1095 πατρός·

360 1116 384 1160 ὁ
411 1120 491 1173 μὲν
518 1116 601 1174 γὰρ
630 1115 682 1160 οὐ
711 1119 855 1176 τρέφει
881 1135 950 1173 με,
981 1119 1036 1162 σύ
1064 1120 1110 1162 δὲ
1138 1121 1343 1177 λαμπρῶς
1371 1122 1550 1177 τρέφεις.

359 1202 407 1246 Δ.
435 1199 545 1258 εὔχει
575 1198 618 1245 τ’
649 1199 715 1244 αἐἰ
743 1218 796 1258 με
824 1202 923 1257 ζῆν,·
950 1203 1087 1248 ΣΤΡ.
1116 1199 1259 1247 ἅπασι
1290 1206 1380 1255 τοῖς
1408 1206 1548 1255 θεοῖς·

358 1281 414 1327 ἂν
442 1282 525 1342 γὰρ
553 1282 707 1343 πάθῃς
736 1301 791 1338 τι,
822 1286 910 1337 πῶς
938 1286 1014 1342 ἐγώ
1047 1285 1288 1345 βιώσομαις
1683 1307 1693 1332 4

358 1399 594 1441 Athenaeus
623 1400 681 1440 VI
710 1413 751 1453 p.
782 1402 865 1441 244
882 1401 928 1442 d:
949 1395 1126 1452 ’Ἄλεξις
1156 1398 1206 1441 δ’
1233 1399 1280 1441 ἐν
1306 1399 1525 1458 Πυραύνῳ
1553 1382 1694 1459 Στράζ

249 1480 345 1509 τιον
373 1465 451 1507 τὸν
478 1464 722 1521 παράσιτον
750 1463 909 1520 εἰσάγει
939 1467 1277 1524 δυσχεραίνοντα
1306 1470 1363 1527 τῷ
1391 1471 1592 1527 τρέφοντι
1619 1472 1694 1514 καὶ

250 1537 430 1590 λέγοντα
466 1532 570 1575 τάδε
606 1532 734 1588 Ἐμοὶ
772 1538 1029 1590 παρασιτεῖν
1066 1565 1119 1574 --
1156 1537 1234 1588 τάς
1272 1536 1414 1588 ὁδούς.
1475 1542 1549 1582 καὶ
1589 1539 1689 1596 μετ’

249 1605 375 1660 ὀλίγα
402 1600 586 1659 Στράτιε
614 1603 751 1658 φιλεῖς
780 1603 922 1655 δήπου
948 1621 1003 1661 με
1037 1608 1126 1651 κτλ.
1201 1611 1270 1653 Vs.
1299 1613 1326 1651 2
1353 1605 1382 1660 ἢ
1416 1609 1460 1650 εἴ
1482 1624 1522 1651 τι
1552 1614 1598 1654 C.
1655 1606 1696 1652 εἶ

251 1694 330 1722 om.
361 1678 481 1719 PVL.
512 1672 693 1715 θᾶσσον
722 1678 768 1717 C.
799 1673 862 1716 ἔτι
892 1677 1026 1732 τρέχει
1055 1680 1474 1734 Schweighaeuserus.
1505 1677 1566 1721 ἔτι
1595 1677 1692 1722 τού-

250 1760 336 1790 των
363 1745 497 1799 τρέχει
525 1746 610 1786 ΑΒ.
669 1740 833 1785 τούτων
862 1743 925 1785 ἔτι
949 1748 1081 1802 τρέχει
1112 1752 1159 1791 G.
1215 1746 1380 1791 τούτων
1408 1750 1541 1805 τρέχει
1570 1752 1691 1795 PVL.

247 1845 302 1852 .-.
337 1818 410 1860 Vs.
439 1816 466 1855 7
510 1819 604 1854 ante
633 1815 885 1855 Dindorfium
914 1812 1027 1871 εὔχῃ.
1085 1820 1219 1859 Verba
1260 1812 1398 1859 ἅπασι
1436 1823 1526 1867 τοῖς
1555 1820 1689 1870 θεοῖς,

248 1901 353 1943 quae
393 1884 514 1936 vulgo
561 1895 651 1923 cum
696 1885 1034 1935 praecedentibus
1071 1887 1127 1927 ita
1162 1890 1461 1942 coniunguntur
1496 1887 1606 1943 εὕχει
1644 1889 1685 1930 τ’

246 1953 316 1999 ἀεί
341 1967 394 2009 με
422 1951 496 2003 ζῆν
523 1943 663 1991 ἅπασι
692 1952 781 1999 τοῖς
808 1951 952 2004 θεοῖςς
985 1957 1035 1997 ab
1074 1956 1139 1999 his
1167 1958 1349 2011 separavi
1378 1963 1422 2000 et
1449 1960 1598 2002 Stratie
1627 1966 1688 2002 at-

247 2026 384 2069 tribui.
441 2024 574 2064 Causa
599 2021 643 2062 in
670 2027 861 2076 promptu
891 2028 968 2065 est.

934 2145 1007 2185 ΠΙ.

466 2227 633 2282 Πεΐραν
662 2224 914 2282 ἐπεθύμουν
942 2230 1138 2287 θατέρου
1164 2230 1264 2285 βίον
1292 2233 1452 2288 λαβεῖν,

464 2307 517 2352 ὃν
545 2307 701 2361 πάντες
730 2307 946 2354 εἰώθασιν
974 2311 1198 2369 ὀνομάζειν
1225 2314 1367 2372 ὑγρόν.

463 2395 573 2451 τρεῖς
600 2394 646 2436 ἐν
674 2395 926 2454 Κεραμεικῷ
955 2395 1250 2453 περιπατήσας
1276 2397 1436 2456 ἡμέρας

465 2474 752 2527 διδασκάλους
777 2478 947 2536 ἐξεῦρον
975 2473 1028 2522 οὗ
1054 2481 1160 2535 λέγω
1190 2480 1289 2535 βίου

463 2560 565 2610 ἴσως
592 2557 811 2618 τριάκοντ’
839 2559 923 2618 ἀφ’
953 2562 1045 2613 ἑνὸς
1071 2564 1366 2623 ἐργαστηρίου.

335 2702 370 2749 *)
394 2705 436 2740 V.
457 2706 548 2744 Hist.
572 2709 645 2743 crit.
670 2721 703 2753 p.
728 2709 773 2743 37
796 2712 830 2743 et
853 2710 932 2745 394.
