1702 3158
624 125 697 170 ΟΔ
707 126 863 170 ΥΣΣΕ
870 126 954 169 ΥΣ.
1448 130 1532 172 175

57 261 185 302 κωμε.
244 247 454 290 lacobsius
496 241 552 286 σὺ
588 240 634 284 δ’
668 240 845 297 ἐγκόνει.
905 243 984 285 Diu
1025 245 1088 284 eet
1125 243 1235 296 quod
1274 244 1434 286 correxi
1461 239 1531 296 σύ,

55 317 213 373 Κῶμε,
249 319 321 361 ubi
360 314 523 371 Κῶμος
570 317 678 359 servi
715 329 865 358 nomen
915 318 1001 365 est,
1051 326 1188 368 neque
1229 315 1271 356 id
1319 316 1531 357 insolitum

58 403 209 433 nomen
240 390 372 431 fuisse
402 390 523 431 docet
553 388 840 431 Theodoridas
870 387 912 428 in
943 386 1139 427 Brunckii
1167 385 1286 427 Anal.
1317 386 1358 426 11
1387 401 1428 440 p.
1460 387 1531 437 42,

56 462 128 503 ubi
159 465 506 502 commemoratur
535 473 639 514 puer
656 456 816 512 Κῶμος
845 453 869 498 ὁ
898 450 1138 511 τετραετὴς.
1170 456 1356 498 Eandem
1387 470 1530 497 emen-

58 532 267 573 dationem
306 531 381 572 sed
418 531 655 571 dubitanter
684 530 899 584 proposuit
928 529 1143 570 Dobraeus
1173 529 1276 569 Adv.
1308 528 1345 567 ΙΙ
1377 542 1416 580 p.
1445 527 1531 567 333

0 650 1 654 Ἰ
58 602 197 644 addita
233 601 501 642 annotatione
542 601 622 642 hac
660 603 754 651 „An
792 601 894 641 deus
933 604 1004 640 aut
1041 600 1218 640 daemon
1247 599 1393 651 aliquis
1422 598 1533 652 apud

0 664 2 699 ῗ
57 677 221 714 veteres
250 672 426 712 audierit
456 672 635 721 Comus,
665 685 746 712 non
777 675 894 712 vacat
924 683 1139 724 quaerere.
1196 670 1281 711 Sed
1306 672 1440 723 potuit
1467 670 1532 712 iu-

58 743 154 783 duci
191 747 238 782 ut
273 755 450 795 persona
487 741 750 794 allegoricae>
813 742 876 781 De
914 754 1091 794 persona
1128 741 1348 794 allegorica
1377 745 1422 781 ut
1450 741 1533 782 hoc

0 813 2 861 ζ
56 813 150 853 loco
181 813 412 865 cogitemus
442 811 544 851 nihil
575 823 743 852 caussae
774 814 849 851 est.
919 812 1096 851 Comum
1129 812 1371 851 daemonem
1402 812 1531 852 habe-

55 895 147 923 mus
185 883 295 935 apud
324 882 520 923 Philostr.
551 882 679 936 Imag.
711 882 728 921 1
758 882 799 931 2,
839 881 911 921 ubi
948 881 1042 921 vide
1080 886 1219 922 tamen
1250 882 1528 922 Welckerum.

56 953 232 995 Versum
270 953 462 1003 tertium,
508 952 549 992 in
590 964 670 1004 quo
711 946 901 1005 τήμερον
938 965 1015 1005 pro
1055 947 1246 1006 σήμερον
1294 952 1531 994 Dindorfius

55 1024 255 1077 reposuit,
284 1023 404 1065 alteri
434 1022 754 1076 interloquutori
783 1023 1001 1076 assignavi.

438 1257 1246 1307 OAYZEEYS..

772 1375 802 1415 Ι.

284 1453 382 1495 Τῶν
410 1452 650 1512 ζωγράφων
677 1460 758 1511 μὲν
786 1455 813 1508 ἡ
844 1455 955 1509 καλὴ
982 1454 1233 1514 χειρουργία

276 1539 324 1580 ἐν
352 1541 443 1590 τοῖς
472 1538 623 1593 πίναξι
652 1544 899 1597 κρεμαμένη
929 1539 1225 1599 θαυμάζεται.

278 1619 391 1676 αὕτη
422 1624 468 1666 δὲ
499 1626 666 1680 σεμνῶς
696 1627 740 1668 ἐκ
770 1625 963 1677 λοπάδος
991 1625 1241 1683 ἁρπάζεται,

279 1705 369 1750 ἀπὸ
396 1709 475 1751 τοῦ
503 1707 696 1764 ταγήνου
725 1709 771 1752 τ’
802 1710 971 1762 εὐθέως
1000 1710 1274 1769 ἀφανίζεται.

222 1795 250 1835 5
279 1793 352 1836 ἐπὶ
381 1793 481 1835 τίνα
513 1791 560 1835 δ’
595 1788 677 1836 οἷδ’
709 1793 847 1848 ἄλλην
877 1799 1045 1853 τέχνην,
1073 1788 1106 1838 ὦ
1132 1799 1294 1854 χρηστὲ
1324 1794 1392 1850 σύ,

277 1877 333 1920 τὰ
362 1877 565 1935 στόματα
595 1881 681 1922 τῶν
711 1884 928 1939 νεωτέρων
957 1881 1209 1935 κατακάετ’,
1242 1880 1273 1936 ἤ

277 1960 485 2020 ὠθισμός
514 1966 606 2009 ἐστι
637 1965 863 2010 δακτύλων
894 1968 1116 2012 τοιουτοσί

278 2047 308 2103 ἢ
338 2048 535 2106 πνιγμός,
566 2049 623 2093 ἂν
649 2051 711 2108 μὴ
741 2053 851 2110 ταχὺ
881 2051 1066 2105 δύνηται
1094 2057 1346 2109 καταπιεῖν,-

279 2133 380 2178 ἆλλ’
410 2133 464 2179 οὐ
491 2134 607 2192 μόνη
637 2136 720 2194 γὰρ
749 2139 826 2189 τὰς
856 2138 1093 2190 συνουσίας
1123 2143 1242 2183 ποιεῖ

164 2226 255 2297 ‘lo
282 2219 444 2278 εὔοψος
474 2219 639 2279 ἀγορά,-
669 2222 734 2274 τίς
765 2224 811 2266 δὲ
841 2225 1094 2267 συνδειπνεῖ
1116 2226 1301 2282 βροτῶν,

280 2306 497 2364 φρυκτούς
526 2308 792 2364 καταλαβών
821 2306 850 2361 ἢ
878 2308 1133 2365 κορακίνους
1161 2307 1318 2361 ῶνίους

281 2388 310 2443 ἢ
338 2391 533 2447 μαινίδ’ς,
560 2390 724 2451 ὠραῖον
754 2395 801 2437 δὲ
829 2392 1136 2452 μειρακύλλιον

281 2474 430 2527 ποίαις
459 2477 658 2535 ἐπῳδαῖς,
689 2475 719 2530 ἢ
749 2476 893 2534 λόγοις
921 2478 1148 2522 ἁλίσκεται

281 2559 412 2614 τίσιν,
442 2562 615 2619 φράσον
644 2561 740 2620 γάρ,
773 2563 829 2607 ἄν
858 2580 921 2615 τις
951 2562 1094 2623 ἀφέλῃ
1123 2562 1204 2616 τὴν
1233 2565 1386 2621 τέχνην

201 2645 257 2686 15
285 2643 364 2696 τὴν
392 2645 487 2688 τῶν
507 2644 686 2700 ἁλιέων;
716 2643 794 2701 ἥδε
825 2648 908 2707 γὰρ
938 2647 1192 2706 δαμάζεται,

283 2726 442 2784 ἑφθοῖς
471 2729 719 2789 προσώποις
748 2730 920 2791 ἰχθύων
946 2736 1215 2792 χειρουμένη,
