1702 3158
210 179 291 222 116
777 167 1118 211 ANTIPHANIS

320 283 521 326 πλεῖστον
550 276 817 334 ἡμάρτηκεν·
853 272 881 326 ἢ
911 275 993 331 γάρ
1022 270 1206 330 εἰσφορά
1234 287 1298 322 τις
1323 267 1515 330 ἥρπακεν

320 364 542 407 τᾶνδοθεν
571 359 718 412 πάντ’,
747 355 775 410 ἢ
805 357 901 416 δίκῃ
929 373 994 408 τις
1024 355 1265 413 περιπεσών
1293 353 1500 409 ἀπώλετο,

268 452 296 493 5
323 446 352 500 ἢ
381 442 683 504 στρατηγήσας
713 441 982 498 προσῶφλεν,
1012 437 1040 492 ἢ
1065 438 1248 496 χορηγὸς
1276 437 1470 503 αἱρεθείς

324 527 477 587 ἱμάτια
502 527 642 585 χρυσᾶ
671 523 906 581 παρασχὼν
935 524 992 582 τῷ
1016 524 1130 581 χορῷ
1160 521 1287 582 ῥάκος
1318 524 1454 579 φορεῖ,

322 610 351 665 ἢ
379 610 649 668 τριηραρχῶν
679 604 918 662 ἀπήγξατ’,
947 603 974 658 ἢ
1005 608 1144 650 πλέων
1172 601 1306 658 ἥλωκέ
1337 621 1423 657 ποι,

322 692 352 747 ἢ
380 694 569 750 βαδίζων
596 691 625 744 ἢ
653 690 887 734 καθεύδων
915 689 1219 745 κατακέκοφθ’
1245 686 1329 732 {n’
1358 685 1544 733 οἰκετῶν.

324 775 375 819 οὐ
408 778 589 832 βέβαιον
618 773 744 818 οὐδέν
773 775 877 828 ἐστι,
907 773 1021 825 πλὴν
1048 769 1122 816 ὁ’σ’
1152 770 1209 815 ἂν
1238 771 1354 816 καθ’
1381 771 1547 829 ἡμέραν

242 865 296 904 10
324 857 383 910 εἰς
411 858 567 901 ἑαυτὸν
594 857 728 910 ἡδέως
756 873 820 907 τις
848 853 1163 900 εἰσαναλίσκων
1192 854 1308 912 τύχη.

322 941 422 986 οὐδὲ
450 943 589 985 ταῦτα
620 941 795 998 σφόδρα
823 954 886 983 τι·
918 942 991 983 καὶ
1018 940 1101 997 γάρ
1126 939 1206 991 τὴν
1226 938 1438 997 τράπεζαν
1466 937 1662 996 ἁρπάσαι

323 1027 519 1082 κειμένην
547 1023 602 1067 ἄν
631 1040 695 1074 τις
723 1021 1004 1082 προσελθών·
1032 1021 1129 1065 ἀλλ’
1162 1018 1269 1065 ὅταν
1297 1021 1377 1074 τὴν
1406 1021 1585 1065 ἔνθεσιν

325 1108 446 1159 ἐντὸς
474 1107 559 1161 ἤδη
589 1107 675 1149 τῶν
703 1105 897 1150 ὀδόντων
925 1105 1134 1165 τυγχάνῃς
1161 1104 1453 1158 κατεσπακώς,

325 1190 448 1235 τοῦτ’
482 1193 527 1234 ἐν
558 1186 759 1247 άσῲαλεῖ
777 1188 918 1246 νόμιζε
947 1189 1034 1232 τῶν
1063 1186 1344 1245 ὑπαρχόντων
1370 1187 1520 1244 μόνον.

324 1280 560 1320 Athenaeus
604 1278 665 1317 111
707 1290 748 1330 p.
780 1278 861 1316 103
881 1290 927 1317 e:
971 1275 1046 1315 καὶ
1087 1270 1194 1328 παρ’
1235 1270 1495 1329 Ἀντιφάνει
1534 1271 1580 1314 δὲ
1619 1272 1665 1313 ἐν

214 1343 469 1402 Στρατιώτῃ
499 1341 526 1396 ἢ
547 1339 712 1398 Τύχωνι
728 1344 1001 1398 παραινέσεις
1030 1339 1239 1399 εἰσφέρων
1263 1340 1500 1399 ἅνθρωπος
1519 1342 1664 1384 τοιοῦ-

215 1411 288 1463 τός
316 1414 455 1466 ἐστιν,
492 1408 540 1462 ὅς
569 1427 708 1467 φησιν
727 1408 883 1462 “Ὀστις
913 1410 1152 1466 ἄνθρωπος
1188 1412 1232 1452 δὲ
1264 1410 1347 1466 (sig
1374 1412 1463 1455 κτλ.
1535 1416 1604 1456 νε.
1637 1415 1659 1453 1

217 1483 263 1524 δὲ
301 1499 380 1526 om.
412 1486 459 1526 G.
517 1485 712 1527 Valcken.
753 1485 803 1524 ad
841 1485 982 1536 Eurip.
1014 1484 1169 1524 Phoen.
1201 1484 1309 1522 1275
1348 1484 1548 1522 scribebat
1584 1478 1661 1521 ἅν-

215 1554 397 1608 θρωπος
426 1549 570 1606 γεγώς.
629 1580 682 1586 —
727 1554 797 1594 Vs.
827 1554 854 1593 5
884 1548 914 1601 ἢ
943 1559 1036 1593 ante
1062 1549 1242 1605 χορηγὸς
1273 1553 1426 1591 addidit
1455 1553 1659 1592 Casaubo-

215 1637 306 1665 nus.
349 1649 403 1656 —-
447 1625 517 1665 Vs.
549 1624 575 1661 6
599 1619 740 1674 χρυσᾶ
769 1623 935 1662 Grotius
964 1622 1179 1673 Excerptis
1208 1635 1248 1672 p.
1278 1622 1373 1660 627.
1402 1619 1475 1659 καὶ
1501 1618 1659 1672 χρυσία

216 1694 336 1734 ΑΒΡ.
367 1690 440 1731 καὶ
452 1689 591 1744 χρυσᾶ
606 1692 653 1731 L.
683 1716 736 1722 —
768 1691 880 1732 Vs.7
909 1686 1146 1742 ἀπήγξατο.
1176 1690 1327 1739 „Haud
1344 1690 1465 1729 dubie
1495 1694 1662 1741 propter

217 1766 451 1814 sumptuum
480 1760 811 1812 magnitudinem,
842 1761 912 1811 qui
940 1765 1068 1799 totum
1099 1772 1222 1810 saepe
1251 1760 1536 1810 patrimonium
1565 1758 1658 1799 fun-

216 1832 325 1871 ditus
355 1829 629 1870 evertebant.’'
674 1829 950 1868 Casaubonus.
1010 1828 1110 1868 lbid.
1141 1841 1214 1879 pro
1244 1839 1319 1865 ποι
1347 1827 1380 1867 D
1410 1827 1534 1867 habet
1562 1840 1661 1875 που,

215 1903 263 1940 ut
297 1899 426 1939 voluit
465 1898 672 1937 Dawesiua
703 1897 877 1937 Miscell.
907 1911 948 1949 p.
977 1897 1072 1938 232.
1138 1896 1222 1936 Sed
1258 1902 1370 1936 recte
1409 1908 1504 1945 ποι,
1550 1898 1657 1948 quod

217 1980 308 2008 cum
338 1964 477 2005 πλέων
507 1966 846 2017 coniungendum.
877 1991 931 1997 —
959 1966 1075 2007 Vm)
1105 1959 1243 2003 οὐθὲν
1272 1967 1355 2006 ΑΟ.
1394 1960 1520 2004 οὐδὲν
1538 1964 1658 2007 PVL.

215 2061 270 2069 —-
298 2036 439 2077 Vs.1⁰
467 2028 782 2074 εἰσαναλίσκων
810 2047 883 2087 pro
911 2029 1226 2073 εἰσαναλίσκειν
1241 2035 1516 2075 Gasaubonun.
1553 2029 1659 2090 τύχῃ

216 2118 291 2157 pro
320 2100 442 2156 τύχοι
470 2099 690 2144 Ροτεοιιυε.
750 2121 803 2128 —-
850 2104 920 2144 Vs.
952 2104 1004 2143 13
1034 2099 1240 2158 τυγχάνῃς
1270 2104 1503 2144 Dindorfius
1533 2117 1580 2144 ex
1611 2106 1656 2147 C.

216 2173 350 2226 Vulgo
389 2169 591 2228 τυγχάνῃ.
657 2173 704 2213 ln
743 2164 963 2225 postremis(
994 2174 1177 2213 versibus
1214 2173 1362 2225 respici
1400 2174 1657 2227 proverbium

215 2238 355 2280 πολλὰ
393 2239 555 2294 μεταξὺ
591 2240 708 2281 πέλει
743 2237 925 2289 κοτύλης
960 2241 1032 2280 καὶ
1072 2239 1233 2294 χείλεος
1261 2237 1415 2294 άκροῦ,
1452 2240 1679 2283 annotavit*

213 2311 640 2364 Schweighaeuserus‚
669 2311 831 2351 laudato
863 2311 997 2351 Genio
1026 2312 1076 2352 N.
1100 2313 1148 2353 A.
1180 2311 1276 2352 xm
1308 2314 1335 2352 7
1366 2315 1407 2351 et
1435 2311 1582 2352 Athen.
1598 2311 1657 2352 xl

212 2394 252 2432 p.
282 2381 365 2419 478
381 2393 418 2420 e.
486 2381 678 2420 Ceterum
719 2380 884 2420 eosdem
924 2379 1052 2420 hosce
1093 2395 1255 2430 versus,
1295 2386 1399 2421 teste
1429 2381 1653 2430 Athenaeo,

211 2449 465 2501 Antiphanes
495 2450 537 2489 in
568 2449 728 2502 Hydria
757 2454 963 2502 posuerat.

903 2533 957 2573 ΙΙ.

313 2607 394 2652 Ἕν
421 2609 475 2670 τῇ
502 2609 668 2669 Κύπρῳ
696 2610 794 2668 φής,
823 2609 914 2654 εἰπέ
940 2627 1030 2667 μοι,
1060 2609 1224 2668 διήγετε

312 2691 450 2736 πολὺν
472 2692 655 2751 χρόνον,
686 2695 741 2739 Β.
774 2694 852 2738 τὸν
879 2692 1025 2738 πάνθ’
1057 2696 1133 2746 ἕως
1160 2687 1216 2747 ἦν
1244 2693 1269 2737 ὁ
1297 2693 1495 2751 πόλεμος».
