1702 3158
224 197 278 236 96
775 193 1114 235 ANTIPHANIS

617 365 1277 410 OMOHATPJOJ.

391 485 468 528 Ἑν
492 484 645 528 Ἠλίου
673 487 752 541 μέν
781 499 893 541 φασι
923 484 1158 539 γίγνεσθαι
1185 483 1307 528 πόλει

390 568 602 623 φοίνικας,
631 570 676 610 ἕν
700 566 928 621 Ἀθήναις
958 569 1002 610 δὲ
1032 568 1234 622 γλαῦκας,
1264 568 1291 621 ἡ
1324 569 1499 627 Κύπρος

389 650 473 706 ἔχει
502 650 671 701 πελείας
701 650 966 709 διαφόρους,
996 649 1022 703 ἡ
1054 648 1103 692 δ’
1134 651 1180 693 ἐν
1207 649 1344 711 Σάμῳ

379 729 509 790 (Ἡρα
538 734 586 776 τὸ
612 736 815 791 χρυσοῦν,
843 734 993 792 φασίν,
1025 732 1221 790 ὀρνίθων
1248 737 1381 789 γένος,

388 816 488 866 τοὺς
514 816 834 874 καλλιμόρφους
862 819 936 860 καὶ
965 818 1270 874 περιβλέπτους
1299 812 1423 869 τααῖς.

332 930 565 971 Athenaeus
594 931 669 973 XV
697 945 736 984 p.
768 931 849 971 655
865 932 910 971 b:
939 929 1013 969 καὶ
1037 925 1309 984 Ἀντιφάνης
1339 929 1384 969 ἐν
1414 931 1500 979 τοῖς
1526 928 1666 985 ’Θμο-

223 996 420 1052 πατρίοις
462 995 600 1050 φησίν
636 994 715 1038 Ἐν
751 996 904 1039 Ἡλίου
931 997 1020 1039 κτλ.
1081 1002 1189 1040 Hinc
1229 1003 1397 1053 sumpsit
1428 1004 1665 1043 Eustathius

222 1070 274 1110 ad
303 1069 416 1108 Iliad.
457 1082 497 1120 p.
528 1069 636 1108 1035
665 1069 734 1109 44.
802 1070 872 1111 Vs.
904 1071 924 1108 1
966 1065 1204 1120 γίγνεσθαι
1240 1070 1485 1111 Dindorfius.
1553 1073 1665 1112 Libri

221 1135 430 1190 γίνεσθαι
453 1142 494 1175 et
509 1136 733 1188 γενέσθαι.
765 1163 819 1170 -—
852 1139 920 1179 Vs.
939 1141 964 1178 2
995 1133 1043 1176 δ’
1062 1143 1155 1190 post
1173 1133 1348 1192 Κύπρος
1376 1141 1528 1180 addunt
1544 1141 1663 1182 PVL.

222 1221 302 1248 om.
335 1207 453 1247 ABG.
483 1232 537 1238 —-
579 1207 689 1247 Vs.5
718 1197 830 1252 τααῗς
859 1208 1001 1259 scripsi
1031 1221 1102 1260 pro
1135 1201 1261 1254 ταώς.
1320 1209 1512 1248 Ceterum
1542 1222 1665 1262 pavo-

221 1289 295 1318 nes
324 1276 423 1314 dicit
452 1275 520 1326 qui
550 1276 591 1315 in
621 1276 774 1327 templo
815 1277 978 1317 lunonis
1015 1277 1174 1318 Samiae
1211 1277 1434 1319 alebantur.
1490 1279 1540 1321 V.
1570 1280 1663 1320 Mo-

221 1346 418 1387 nodotum
449 1343 649 1385 Athenaei
683 1358 722 1397 p.
754 1344 835 1384 655
851 1358 885 1384 a.

668 1554 1236 1626 οΜιιᾷΑΛΗ.

925 1687 957 1726 Ι.

723 1769 827 1819 Πῶς
854 1770 935 1824 γὰρ
964 1768 1019 1810 ἄν
1046 1785 1110 1819 τις
1136 1769 1308 1823 εὐγενὴς
1332 1771 1461 1826 γεγώς

418 1849 589 1894 δύναιτ’
621 1848 674 1893 ἂν
704 1852 897 1905 ἐξελθεῖν
926 1850 1025 1895 ποτ’
1059 1853 1103 1895 ἐκ
1129 1853 1260 1904 τῆσδε
1289 1855 1452 1908 στέγης,

412 1934 524 1992 ὀρῶν
551 1938 630 1991 μὲν
660 1933 813 1992 ἄρτους
842 1933 1191 1991 λευκοσωμάτους
1225 1932 1351 1979 ἰπνὸν
1484 1912 1499 1923 ἢ

416 2020 773 2074 καταμπέχοντας
802 2019 847 2061 ἕν
874 2022 1057 2069 πυκναῖς
1085 2018 1306 2073 διεξόδοις,

412 2100 524 2158 ὁρῶν
554 2102 599 2143 δὲ
627 2101 806 2158 μορφήν
833 2100 1053 2158 κριβάνοις
1081 2100 1387 2157 ἠλλαγμένους,

411 2184 589 2241 μίμημα
614 2185 755 2241 χειρὸς
786 2183 971 2238 ἇττικῆς,
1001 2183 1074 2236 οὓς
1104 2184 1312 2241 δημόταις

416 2267 610 2323 Θεαρίων
640 2253 810 2320 ἔδειξεν.

326 2382 563 2423 Athenaeus
607 2383 666 2422 111
703 2396 742 2435 p.
773 2383 920 2422 1120:
971 2378 1055 2418 τῶν
1101 2376 1149 2419 δ’
1192 2377 1375 2420 άττικῶν
1416 2377 1557 2434 ἄρτων
1601 2377 1659 2428 ὥς

155 2508 159 2511 .
218 2447 444 2504 διαφόρων
478 2444 734 2504 μνημονεύει
777 2450 850 2489 καὶ
895 2445 1163 2502 Ἀντιφάνης
1199 2447 1244 2488 ἐν
1281 2445 1485 2504 Ὀμφάλῃ
1524 2442 1659 2498 οὕτως

216 2517 322 2566 Πῶς
360 2518 440 2573 γὰρ
477 2517 534 2559 ἄν
573 2534 636 2566 τις
669 2518 756 2558 κτλ.
823 2520 1023 2560 Videntur
1062 2520 1163 2558 haec
1192 2520 1381 2559 Herculis
1416 2520 1536 2559 verba
1566 2533 1657 2560 esse

217 2589 324 2643 apud
355 2591 580 2641 Omphalen
610 2588 883 2640 voluptatibus
921 2588 1061 2628 dediti.
1137 2589 1205 2629 Vs.
1237 2589 1259 2627 1
1299 2582 1428 2638 γεγώς
1457 2588 1541 2628 VL.
1584 2601 1657 2639 γε-

216 2654 351 2711 γονώς
381 2659 499 2698 ΑΒΡ.
557 2683 610 2691 —
656 2659 726 2699 Vs.
756 2659 782 2696 2
821 2653 924 2695 ποτ’
951 2652 1011 2703 εἰς
1040 2650 1169 2704 τῆσδὲ
1199 2654 1345 2706 στέγης
1379 2657 1584 2698 Porsonus
1614 2659 1655 2699 in

216 2728 407 2781 walpolii
437 2728 550 2767 Com.
581 2739 621 2778 p.
651 2728 704 2766 12
743 2730 784 2765 et:
812 2726 989 2766 Miscell.
1017 2739 1057 2777 p.
1089 2726 1183 2766 178.
1247 2726 1352 2766 ABP
1393 2737 1496 2765 ποτε
1536 2722 1584 2764 δ’
1612 2724 1702 2766 ἐκ.
