1702 3158
229 167 314 209 558
835 168 1032 212 mum!

341 279 576 322 Athenaeus
616 280 632 320 Ι
675 292 714 332 p.
744 279 864 320 58a.
906 279 1091 333 χηνείων
1134 278 1182 320 δ’
1219 277 1312 337 ᾠων
1350 279 1532 339 ’Έριφος
1574 282 1678 327 Ὠια

229 344 356 388 λευκά
391 361 436 401 γε
475 346 564 389 κτλ.
637 348 878 390 Eustathius
916 351 967 392 ad
1006 352 1127 393 Hom.
1159 365 1198 405 p.
1231 353 1339 393 1686
1368 354 1446 395 432
1480 350 1684 411 ”Εριφος,

229 414 374 470 λόγιος
410 405 466 466 ἦν
506 415 551 455 δὲ
588 415 662 455 καὶ
700 411 834 466 αὐτὸς
875 414 1005 473 ἀνήρ,
1041 416 1192 473 χήνεια
1229 421 1351 476 ληρεῖ
1389 419 1451 478 «hd
1481 421 1606 464 λευκά
1635 439 1680 467 τε

228 486 301 528 καὶ
329 483 499 540 μεγάλα
529 481 609 534 τὴν
638 480 795 535 Λήδαν
823 486 971 531 τεκεῖν.
1040 490 1103 530 Ad
1133 491 1381 548 Meliboeam
1411 494 1515 535 haec
1542 497 1682 538 rettuli

227 561 397 611 propter
426 554 733 596 similitudinem
763 569 854 598 cum
883 557 1114 611 fragmento
1144 562 1376 613 superiore:
1406 576 1482 604 neo
1508 562 1681 606 dubitari

227 629 391 679 potest,
430 623 527 676 quin
567 637 616 665 ex
656 626 802 667 eodem
839 641 1029 669 sermone
1058 630 1164 670 inter
1193 631 1391 672 secundas
1420 645 1581 675 mensas
1609 634 1680 676 ha-

226 695 311 736 bito
342 694 522 736 derivata
549 694 643 736 sint.
707 695 777 737 Vs.
809 697 832 736 1
865 698 1105 740 Eustathius
1134 694 1261 738 λευκά
1290 712 1349 743 τε.

920 819 994 860 111.
1053 790 1059 798 “

398 900 549 942 Ταῦτα
579 900 663 958 γάρ
693 904 736 945 οἱ
766 905 942 956 πένητες
972 902 1049 947 οὐκ
1080 904 1243 960 ἔχοντες
1273 901 1489 962 ἀγοράσαι

389 981 684 1040 ὑπογάστριον
712 985 951 1041 θύννακος,
978 987 1077 1030 niae
1110 986 1287 1043 κρανίον

390 1063 618 1122 λάβρακος,
647 1067 745 1110 οὐδὲ
774 1068 970 1128 γόγγρον,
1000 1072 1099 1114 οὐδὲ
1130 1068 1305 1121 σηπίας,

389 1145 441 1198 (ἲς
469 1147 570 1192 οὐδὲ
597 1149 797 1209 μάκαρας
826 1151 1040 1212 ὑπερορᾶν
1068 1146 1193 1209 οἶμαι
1221 1150 1370 1202 θεούς.

333 1261 570 1305 Athenaeus
600 1266 676 1308 Vn
706 1280 746 1320 p.
779 1269 862 1308 802
877 1282 914 1309 e.
954 1269 1006 1309 de
1035 1263 1206 1308 θίννου
1235 1262 1509 1322 ὑπογαστρίῳ
1549 1267 1676 1309 disse-

222 1340 346 1370 rens:
386 1324 572 1386 ’Έριφος
615 1333 838 1392 Μελιβοίᾳ
888 1336 1038 1377 Ταῦτα
1081 1334 1162 1392 γὰρ
1206 1334 1249 1376 οἱ
1289 1335 1476 1384 πένητες.
1548 1338 1620 1379 Vs.
1651 1338 1676 1378 1

223 1395 396 1446 „ra-&ff
428 1399 470 1440 οἱ
503 1404 780 1446 casaubonus.
837 1404 977 1446 ταῦτα
1007 1403 1089 1460 γὰρ
1124 1405 1167 1445 οἱ
1198 1407 1304 1448 PVL
1343 1419 1422 1445 om.
1451 1406 1484 1446 G
1524 1410 1566 1445 et
1590 1408 1676 1447 Eua

222 1468 394 1509 stathius
410 1484 449 1523 p.
469 1472 578 1512 1720
606 1473 703 1513 593³
732 1475 991 1529 Dindmfias.
1040 1477 1202 1527 Reliqui
1231 1476 1414 1515 vitiosam
1444 1475 1676 1530 lectionem,

219 1536 263 1578 in
291 1550 370 1590 qua
400 1553 480 1580 non
512 1542 652 1583 dubito
681 1544 778 1596 quin
806 1546 918 1586 aliud
948 1547 1045 1600 quid
1086 1546 1210 1586 lateat
1240 1557 1358 1598 quam
1389 1544 1497 1597 quod
1526 1545 1677 1585 Casuu-

225 1606 357 1650 bonus
386 1610 530 1651 voluit.

918 1692 988 1734 IV.

275 1769 484 1829 Ἐκπεπίῃ
514 1774 639 1825 δέκας
669 1777 773 1832 πρὶν
801 1774 983 1831 ἀγαθοῦ
1011 1778 1182 1834 πρῶτον
1213 1777 1420 1835 δαίμονος
1450 1779 1615 1834 λαβεῖν,

273 1856 376 1911 πρὶν
402 1855 503 1907 Διὸς
533 1859 738 1915 σωτῆρος.

328 1959 563 2002 Athenaeus
599 1962 677 2005 XV
714 1977 754 2016 p.
785 1964 866 2003 693
886 1976 919 2004 c.
964 1964 1016 2018 de
1052 1965 1200 2016 poculo
1240 1959 1421 2016 ἀγαθοῦ
1462 1961 1672 2016 δαίμονος

216 2024 443 2069 disserens:
471 2025 658 2084 ’Έριφος
687 2029 910 2087 Μἐλιβοίᾳ
943 2027 1154 2088 Ἐκπεπίῃ
1194 2031 1318 2081 ὃέκας
1356 2032 1460 2088 πρὶν
1489 2029 1670 2084 ἀγαθοῦ

214 2093 386 2148 πρῶτον
404 2096 493 2140 κτλ.
552 2101 772 2154 Corrigunt
799 2099 924 2157 ἐκπίῃ
955 2100 1088 2150 δέπας
1117 2102 1220 2157 πρὶν
1248 2099 1428 2155 ἀγαθοῦ
1458 2098 1669 2155 δαίμονος

213 2162 385 2218 πρῶτον
421 2165 594 2221 λαβεῖν,
634 2173 813 2213 numeris
850 2172 1080 2213 trochaicis.
1163 2173 1376 2214 Dobraeus
1414 2174 1584 2224 Advers.
1624 2173 1667 2226 Π

212 2247 255 2288 p.
283 2235 368 2276 853
405 2240 542 2291 priora
578 2240 638 2280 sio
673 2238 861 2281 ἐπεκπίει
899 2239 945 2281 δὲ
979 2240 1055 2280 καὶ
1093 2268 1149 2275 —
1197 2247 1334 2284 cetera
1381 2256 1427 2284 se
1473 2242 1669 2295 expedire*

213 2316 380 2358 negans.

914 2366 964 2407 V.

324 2452 597 2495 Antiattioista
625 2467 665 2507 p.
696 2454 751 2494 98
780 2454 857 2494 26:
881 2449 956 2495 ‘H
966 2468 982 2494 ι
989 2469 1021 2507 μ
1034 2469 1062 2494 α
1075 2468 1138 2494 τω
1129 2452 1269 2496 “aaa
1281 2469 1309 2497 ι.
1359 2450 1544 2509 ’Έριφος
1573 2452 1665 2494 Με-
1697 2447 1702 2511 ⁵}

211 2514 375 2574 affola.
1698 2525 1702 2539 ‘
