1656 3146
653 123 870 168 ALuxls.

27 243 231 293 obtrudat,
259 240 334 283 sed
366 240 490 293 longe
519 238 640 279 abeat
669 251 845 292 superos
874 238 917 280 in
947 236 1077 279 locos.

29 321 220 374 quantum
248 311 411 353 videtur
439 309 511 363 pol
540 313 586 350 tu
616 309 746 350 libros
775 310 962 350 scribere

30 400 149 444 quam
179 394 358 436 coquere
385 381 515 422 multo
545 381 696 435 potior.
755 380 867 432 quod
896 380 971 430 ais,
1000 391 1084 421 non
1114 378 1195 420 ais:

33 459 192 511 artique
221 454 374 509 probro
404 465 462 493 es,

405 580 1121 629 ΜΑΝΛΡΑΓΟΡΙΖΟΜΕΝΗ.

31 676 257 723 fastidiosa
285 687 422 717 nonne
451 686 520 715 res
549 684 648 713 vere
678 674 744 712 est
771 670 912 721 homo,

32 748 298 805 gaudensque
325 745 451 786 rebus
480 744 590 784 inter
619 754 666 783 se
696 741 946 782 contrariis?

18 823 225 874 cognatos
251 817 526 870 despicsmur,
557 824 742 854 amamus
772 816 951 853 exteros.

34 892 201 946 egentes
228 887 320 941 ipsi,
351 886 499 927 divites
528 883 620 925 aliis
648 893 813 924 sumus:

34 947 282 1017 confgrimus
313 957 482 1010 quippe,
511 953 585 996 sed
616 951 871 993 conferimus
900 948 1105 1003 pessimis.

35 1029 315 1084 quotidianum
346 1038 444 1067 vero
476 1024 588 1077 quod
618 1023 770 1062 victum
801 1021 963 1069 attinet,

36 1104 224 1154 optamus
254 1096 368 1149 panis
397 1096 451 1136 sit
481 1106 602 1147 quam
632 1091 960 1140 candidissimus,

38 1177 164 1224 atque
191 1167 356 1208 interim
387 1165 447 1206 illl
475 1170 661 1220 aptamus
691 1163 756 1203 ius
786 1162 1070 1216 nigerrimum.

38 1241 149 1283 bono
178 1238 305 1279 colori
335 1236 494 1289 nigrum
525 1233 902 1287 superinducimus.

39 1311 174 1352 nivem
203 1312 390 1361 potamus
418 1305 626 1359 frigidam,
655 1305 815 1345 interea
844 1308 985 1343 tamen

41 1379 179 1434 pisces
208 1377 249 1418 ni
278 1376 397 1417 valde
425 1375 597 1424 caleant,
627 1375 669 1415 id
699 1375 798 1415 vitio
830 1375 988 1414 damus.

38 1449 176 1492 vinum
207 1447 316 1500 quod
346 1447 494 1488 acessit
522 1446 699 1487 bibimus
729 1459 823 1487 cum
850 1442 1043 1485 fastidio:

40 1521 252 1574 :hyrtacus
281 1529 463 1558 amamus
490 1517 635 1557 insane
663 1521 816 1559 tamen.

41 1603 178 1634 nonne
207 1602 307 1642 ergo
337 1600 481 1628 verum
511 1591 589 1637 est,
619 1587 731 1639 quod
761 1587 971 1640 sapientes
1001 1587 1254 1641 praedicant,

42 1673 249 1714 nunquam
277 1659 407 1700 fuisse
435 1662 577 1698 natum
607 1657 733 1710 longe
762 1670 853 1698 esse
885 1658 1097 1711 optimum,

45 1736 113 1779 aut
139 1736 259 1775 natus
287 1730 322 1772 si
352 1730 407 1772 sis
437 1741 557 1783 quam
588 1728 806 1768 celerrime
836 1730 1003 1775 emori?

537 1885 1020 1932 ΜΑΝΤΕΙΣ.

0 1984 1 2036 ]
51 1976 88 2020 0
115 1988 189 2019 nos
216 1974 406 2030 profecto
435 1986 536 2017 vere
564 1976 739 2019 miseros
769 1975 983 2028 coniuges,

53 2047 122 2102 qui
149 2047 404 2099 emancipata
431 2045 623 2088 libertate
652 2059 702 2088 ac
730 2046 906 2099 gaudiis,

0 2107 2 2147 ἶ
51 2107 217 2174 ingenui
245 2118 344 2167 nati,
378 2118 598 2161 mulierum
628 2117 738 2161 servi
766 2128 922 2157 sumus.

53 2193 96 2232 et
122 2189 259 2230 dotem
287 2188 442 2230 habere
472 2189 660 2238 dicimus,
689 2174 798 2240 quae
829 2187 887 2227 nil
919 2186 999 2226 nisi

1 2301 4 2321 s
57 2263 400 2301 auctoramentum
431 2264 497 2301 est
524 2260 693 2313 plenum
722 2258 808 2299 bile
837 2258 1003 2298 uxoria:

2 2335 3 2387 ᾖ
60 2328 113 2372 td
136 2342 255 2383 quum
283 2330 414 2372 virilis
442 2330 514 2372 illa
543 2331 602 2372 nil
631 2330 710 2371 nisi
738 2329 822 2369 mel
852 2341 1011 2368 merum
1042 2330 1118 2368 est.

57 2411 227 2454 umque
254 2400 316 2442 illi
343 2401 560 2455 ignoscunt
590 2413 684 2442 cum
715 2399 858 2440 ferunt
885 2399 1101 2439 iniuriam:

2 2495 3 2498 =
59 2468 136 2512 line
163 2475 260 2512 tnnc
289 2485 381 2514 cum
410 2472 569 2514 faciunt
596 2473 706 2513 ultro
737 2473 931 2512 accusant
960 2470 1151 2510 alterum.

3 2551 5 2553 ·
59 2539 288 2596 imperitant
316 2544 432 2596 queis
459 2544 525 2585 ius
555 2555 636 2585 non
667 2547 753 2584 est:
786 2543 903 2596 queis
933 2542 997 2581 ius
1029 2545 1093 2581 est
1123 2553 1195 2580 eos

3 2642 7 2650 .
60 2612 275 2666 neglectim
303 2614 469 2656 habent.
526 2615 765 2668 periurant:
798 2618 839 2654 et
869 2614 1053 2666 quamvis
1082 2612 1191 2652 bene

63 2679 225 2737 habitae
254 2685 431 2741 aliquam
461 2699 626 2746 semper
654 2686 848 2728 simulant
878 2684 1192 2741 aegritudinem,

1413 123 1497 165 6⁰7
