1702 3158
217 191 298 231 192
725 184 1135 226 ANAXANDRIDIS

352 290 495 348 ὥσπερ
524 291 793 341 Πολύευκτος
823 289 846 332 ὁ
875 289 1024 343 καλόςς
1052 291 1109 332 Λ.
1137 288 1188 332 οὐ
1219 288 1337 344 δῆτ’,
1366 289 1466 333 ἀλλ’
1499 287 1568 334 ὅτι

351 375 487 434 ἄρρην
514 376 597 418 ὑπὸ
627 375 819 426 θηλειῶν
847 372 1095 424 κατεκόπης.

324 491 557 531 Athenaeus
588 490 644 530 IV
673 502 713 540 p.
741 488 823 526 166
840 487 888 526 d:
924 482 1200 525 Πολύευκτον
1229 481 1277 523 δ’
1306 481 1654 540 Ἀναξανδρίδης

214 559 259 602 ἐν
293 558 425 611 Τηρεῖ
446 554 661 610 κωμῳδῶν
680 551 833 608 ’Όρνις
865 551 1054 603 κεκλήσει
1086 554 1264 609 (φησὶ).
1306 554 1361 595 Β.
1393 552 1463 594 διὰ
1493 552 1535 593 τί
1563 555 1651 597 κτλ.

213 630 480 680 Polyeuctum
509 627 691 678 intellige
719 626 971 678 Sphettium,
1011 626 1187 665 nobilem
1218 629 1441 673 oratorem,
1486 625 1536 664 de
1573 639 1652 677 quo

212 697 481 738 Ruhnkenius
510 696 615 735 Hist.
643 708 698 734 cr.
715 700 816 735 orat.
834 709 871 747 p.
890 695 1072 734 LXXXI.
1132 695 1349 734 Obesitatis
1379 696 1652 746 opprobrium,

159 777 165 783 ‘
212 766 321 818 quod
349 765 390 803 in
421 776 513 803 eum
545 765 770 804 coniectum
800 764 928 803 fuisse
958 777 1005 802 ex
1032 763 1237 802 Plutarchi
1267 764 1356 801 loco
1386 764 1491 814 apud
1510 764 1651 803 Ruhn-

211 835 375 875 kenium
411 833 685 884 intellegitur,
728 833 777 871 ad
809 833 1102 883 provectiorem
1141 832 1214 870 viri
1252 836 1424 871 aetatem
1466 837 1650 883 spectare

210 904 382 943 videtur.
440 903 631 941 Ceterum
661 902 702 940 in
726 901 1015 941 Anaxandridis
1045 901 1177 940 verbis
1206 902 1261 940 ita
1291 901 1451 940 demum
1481 913 1648 942 acumen

208 973 335 1020 inest,
373 971 407 1010 si
437 970 704 1021 Polyeuctum
732 970 897 1009 ludibrii
928 982 1046 1008 causa
1066 964 1219 1021 ’Ὄρνις
1247 970 1492 1021 appellatum
1522 970 1648 1010 fuisse

209 1045 384 1087 statuas,
430 1039 538 1089 quod
586 1051 732 1077 nomen
774 1039 1045 1079 Athenienses
1085 1038 1266 1077 volaticis
1305 1042 1345 1076 et
1384 1039 1646 1079 inconstantis

208 1110 330 1149 animi
369 1107 598 1146 hominibus
636 1107 833 1146 indidisse
875 1112 1044 1147 constat.
1103 1108 1172 1147 Vs.
1200 1107 1227 1145 4
1262 1101 1398 1158 ἄρρην
1441 1102 1523 1145 ὑπὸ
1558 1107 1646 1156 θη-

206 1175 329 1216 λειῶν
365 1170 615 1222 κατεκόπης.
685 1176 1007 1215 Gallinaceorum
1048 1189 1071 1214 a
1100 1176 1258 1227 gallinis
1288 1188 1421 1227 pugna
1450 1177 1645 1217 victorum

205 1247 452 1287 mentionem
490 1243 629 1283 facere
659 1245 920 1284 Aristotelem
961 1245 1067 1284 Hist.
1106 1245 1224 1283 anim.
1255 1244 1312 1283 IX
1347 1245 1401 1284 49
1440 1250 1480 1284 et
1508 1247 1644 1286 Aelia-

203 1329 300 1356 num
339 1315 390 1353 de
420 1315 509 1353 Nat.
540 1326 603 1352 an.
633 1313 669 1353 V
698 1313 725 1352 5
761 1317 897 1351 monet
936 1313 1356 1365 Schweighaeuseruu.
1422 1314 1533 1353 Idem
1572 1328 1642 1366 ap-

203 1385 336 1436 posite
371 1382 490 1421 affert
520 1381 726 1432 Aristoph.
757 1383 830 1421 Av.
861 1381 967 1419 285:
1007 1374 1058 1418 αἵ
1093 1394 1135 1420 τε
1175 1377 1354 1430 θήλειαι
1391 1380 1642 1435 προσεκτίλ-

203 1451 352 1492 λουσιν
379 1447 513 1489 αὐτοῦ
542 1451 735 1501 (Calliae)
764 1445 818 1488 τὰ
848 1443 994 1501 πτερά.

901 1569 952 1608 II.

691 1647 999 1703 Ὀχευομὲνους
1031 1648 1075 1689 δὲ
1105 1648 1202 1699 τοὺς
1230 1647 1417 1705 κάπρους

417 1735 490 1775 καὶ
518 1732 593 1782 τὰς
621 1729 904 1787 ἀλεκτρυόνας
934 1732 1155 1786 θεωροῦσ’
1185 1732 1378 1788 ἄσμενοι.

306 1847 540 1886 Athenaeus
572 1846 628 1884 lx
658 1860 695 1897 p.
726 1846 808 1884 373
824 1844 865 1884 f:
903 1839 979 1881 τὸν
1015 1838 1274 1896 ἀλεκτρυόνα
1311 1870 1364 1877 —
1393 1843 1436 1883 οἱ
1465 1839 1635 1897 ἀρχαῖοι

1677 1255 1695 1275 0

195 1914 269 1955 καὶ
306 1912 507 1962 θηλυκῶς
545 1907 738 1967 εἰρήκασι
778 1940 833 1945 —-
871 1908 1215 1966 Ἀναξανδρίδης
1258 1911 1389 1966 Τηρεῖ
1419 1910 1635 1987 Ὀζευομέ-
1695 1919 1698 1921 ’

194 1996 294 2032 νους
321 1982 410 2025 κτλ.

880 2081 954 2121 ΙΙΙ.

408 2162 535 2205 Ἀλλ’
567 2156 642 2204 οἷα
671 2158 819 2217 νύμφη
849 2161 1023 2215 βασιλὶς
1048 2159 1332 2216 ω’νομασμένη

406 2243 558 2301 μύροις
590 2242 879 2299 Μεγαλλίοισι
906 2241 1026 2298 σῶμ’
1058 2242 1293 2299 ἀλείφεται.

297 2359 530 2399 Athenaeus
559 2359 635 2399 XV
664 2371 703 2409 p.
724 2359 802 2397 691
821 2371 866 2397 a:
897 2354 973 2396 τοῦ
1003 2352 1256 2406 Meyamiov
1286 2355 1330 2395 δὲ
1359 2352 1495 2410 μύρου
1520 2368 1628 2410 μνη·

186 2423 356 2477 μονὲύει
384 2426 458 2466 καὶ
489 2452 532 2458 —-
567 2422 918 2477 Ἀναξανδρίδης
952 2424 1084 2478 Τηρεῖ
1103 2419 1234 2463 Ἀλλ’
1266 2416 1339 2463 οἷα
1368 2424 1455 2465 κτλ.
1516 2427 1627 2466 Tou-
1678 2426 1691 2477 j-

186 2497 276 2547 pius
306 2497 410 2536 Add.
443 2496 494 2535 ad
519 2495 695 2534 Theocr.
713 2509 751 2546 p.
769 2496 863 2534 402.
893 2492 1079 2540 Βασιλὶς
1106 2494 1361 2534 scribendum
1392 2506 1480 2533 esse
1509 2507 1625 2545 prae·
1676 2483 1681 2502 ³

185 2564 303 2615 cipit,
333 2569 378 2603 ut
406 2566 458 2604 sit
489 2564 713 2603 meretricis
742 2576 913 2612 nomen,
950 2564 1016 2603 cll.
1045 2563 1252 2614 Hesychia
1282 2575 1314 2602 s.
1343 2576 1380 2602 v.
1416 2557 1626 2614 Ἀριστό-
1671 2606 1674 2607 ⁷

184 2629 346 2682 δημος,
384 2637 425 2671 et
467 2627 615 2685 νύμφη
649 2627 937 2683 ὠνομασμένη
966 2633 1256 2682 interpretatur
1285 2631 1336 2670 de
1365 2644 1511 2683 sponsa
1539 2632 1626 2684 opi·
1670 2671 1671 2675 ,
1699 2649 1702 2660 ’

183 2700 260 2740 bus
290 2703 331 2740 et
359 2712 511 2753 genere
543 2701 668 2751 clara,
706 2713 810 2753 quae
849 2701 960 2742 notio
990 2712 1069 2740 non
1098 2699 1206 2740 inest
1235 2700 1296 2739 illi
1324 2694 1624 2753 ὠνομασμένη.

1658 2692 1667 2700 ι,
