1702 3158
483 186 748 233 FABULAE
776 180 1095 230 [Ncfflt'rffl.
1445 185 1530 227 159

51 301 204 355 δεύειν,
236 302 422 357 λέγουσι.
483 304 563 345 Pro
594 298 804 357 ἆρδείειν,
836 316 917 356 quo
950 301 1094 355 optimi
1124 301 1275 353 quique
1306 300 1529 353 scriptores

51 379 115 423 usi
155 381 270 427 sunt,
318 376 547 416 Lobeckius
585 376 636 416 ad
669 375 821 428 Phryn.
856 389 894 427 p.
927 374 1011 414 763
1049 372 1320 427 probabiliter
1359 373 1529 427 corrigit

53 443 248 502 άρδείαν.

658 503 928 545 LXXXVIII.

166 590 467 632 Grammaticus
497 590 672 630 Bekkeri
702 589 859 631 Aneed.
890 603 931 642 p.
961 588 1045 628 427
1087 587 1128 627 9.
1170 580 1526 629 Ἀποδικεΐνε

56 659 155 701 ἀντὶ
184 659 262 702 τοῦ
291 656 635 712 ἀπολογεῖσθαι.
693 652 830 708 ου’τως
865 653 1157 713 Ἀντιφάνης.
1214 659 1310 700 Hoc
1337 660 1431 701 loco
1461 663 1532 713 qui

57 746 157 774 usus
188 737 251 773 est
282 732 550 772 Ruhnkenius
582 731 634 772 de
651 732 818 786 Antiph.
834 747 875 786 p.
893 732 992 781 247,
1023 743 1106 771 non
1136 724 1424 784 Ἀντιφάνης,
1454 731 1532 773 sed

53 797 296 856 Ἀντιᾳων
320 803 362 843 in
400 803 544 842 codice
583 802 698 855 legit.
766 804 1014 856 Antiphnnis
1054 814 1205 843 nomen
1242 802 1369 843 habet
1408 804 1532 846 etiam

55 872 203 914 Suidas
232 885 265 915 s.
296 885 334 914 v.
365 866 601 913 ἀποδικεῖν.

679 928 909 971 LXXXIX.

168 1014 341 1055 Photius
379 1014 478 1073 Lex.
507 1027 551 1068 p.
582 1015 666 1057 183
704 1016 773 1058 17.
818 1009 1098 1069 Κύδαροιε
1147 1009 1359 1070 πλοιάρια
1401 1010 1531 1058 ἅττα.

55 1080 167 1139 παρ’
191 1078 457 1138 Ἀντιφάνει
487 1081 537 1125 τὸ
564 1081 722 1140 ὄνομα.
785 1087 835 1130 V.
865 1088 999 1141 intpp.
1026 1086 1208 1128 Pollucis
1239 1087 1257 1129 1
1285 1089 1342 1129 96
1373 1092 1416 1130 et
1444 1088 1534 1130 He-

56 1156 188 1211 sychii
217 1169 254 1197 v.
285 1151 483 1210 κύδαρος.

749 1213 838 1257 XC.

169 1298 341 1341 Photius
380 1300 480 1342 Lex.
515 1314 558 1355 p.
599 1299 684 1342 552
724 1298 793 1341 25.
837 1298 1148 1343 Συνέλκειν
1193 1297 1291 1350 τὰς
1335 1297 1535 1357 ὁφρῦςε

58 1364 158 1410 ἀντὶ
194 1367 274 1409 τοῦ
310 1366 528 1426 συνάγειν.
588 1363 726 1419 οὕτως
765 1365 1059 1426 Ἀντιφάνης.
1115 1374 1211 1415 Hoc
1239 1374 1398 1429 ipsum,
1428 1384 1535 1414 συν-

58 1435 178 1494 άγειν
206 1436 356 1497 ὀφρῦς,
387 1443 487 1486 dixit
515 1444 773 1500 Antiphanes
803 1444 1042 1488 Philotheb.
1073 1445 1106 1487 Ι.

743 1530 855 1572 XCI.

170 1617 346 1659 Photius
376 1615 477 1657 LeX.
507 1627 549 1671 p.
580 1614 664 1655 605
693 1615 764 1656 22.
798 1611 976 1671 Τρίτῳ
1006 1614 1100 1655 καὶ
1131 1609 1370 1672 τετάρτῳ
1399 1611 1534 1658 gru:

61 1683 156 1730 ἀντὶ
194 1685 274 1728 τοῦ
311 1683 395 1740 πρὸ
437 1683 567 1740 τριῶν
595 1683 672 1724 καὶ
707 1681 935 1740 τεσσάρων
965 1683 1086 1728 ἐτῶν.
1144 1679 1283 1735 οὕτως
1316 1682 1539 1742 Ἀντιφά-

61 1770 149 1809 νης.
193 1759 296 1800 eod.
327 1752 510 1811 άντιφα.
556 1756 769 1799 Porsonus
796 1751 1039 1813 Ἀντιφῶν.
1080 1759 1230 1800 Suidas
1261 1772 1294 1800 s.
1324 1773 1362 1800 v.
1395 1757 1538 1816 τρίτῳ,

62 1832 132 1873 ubi
160 1831 304 1872 eadem
334 1831 545 1883 leguntur,
571 1821 866 1881 Ἀντιφάνης.

731 1914 862 1955 XCII.

178 2001 354 2042 Photius
385 2002 484 2041 Lex.
516 2013 556 2053 p.
587 2000 670 2040 624
712 2001 780 2041 16.
834 1994 1165 2054 (Υπέρχολος
1210 1995 1536 2055 γενόμενοςι

66 2066 165 2111 ἀντὶ
207 2068 285 2111 τοῦ
330 2065 764 2125 ὑπεραγανακτήσας.
838 2063 975 2117 οὕτως
1016 2066 1306 2126 Ἀντιφάνης.
1380 2074 1540 2115 Eadem

68 2142 214 2184 Suidas
252 2156 286 2183 s.
315 2156 352 2184 v,
392 2136 640 2195 ὑπέρχολος.
722 2143 886 2183 Omisso
925 2142 1171 2196 Antiphanis
1208 2145 1375 2185 nomine
1413 2144 1541 2186 habet

0 2211 4 2250 ξ’
70 2213 190 2254 etium
219 2214 426 2255 Antiattic.
457 2227 497 2267 p.
517 2213 600 2254 115
629 2215 669 2255 2.

1 2272 3 2277 ‘
731 2270 885 2311 XCIII.

182 2340 344 2390 SuMus,
386 2333 815 2393 Ἀλουργιαῖονε
857 2337 955 2380 α’ντὶ
1001 2338 1080 2380 τοῦ
1124 2336 1345 2394 ἁλουργές.
1405 2335 1542 2391 οὕτως

67 2402 355 2464 Ἀντιφάνης.
412 2411 571 2455 Eadem
601 2412 900 2454 Grammaticus
933 2414 1113 2454 Bekkeri
1129 2413 1284 2454 Auecd.
1302 2429 1343 2468 p.
1357 2415 1442 2456 318
1472 2416 1542 2466 14,

74 2481 144 2521 ubi
186 2481 319 2522 editur
357 2475 703 2536 Ἀριστοφάνης.
788 2485 977 2526 Usitatae
1022 2485 1198 2525 nominis
1243 2483 1403 2527 formae
1447 2490 1544 2528 sunt

7 2572 9 2578 ·
77 2544 280 2605 ἁλουργὰς
308 2557 353 2594 et
380 2547 606 2607 ἁλουργής.
666 2556 715 2597 V.
748 2556 1002 2598 Lobeckium
1032 2558 1084 2598 ad
1115 2557 1272 2610 Phi-yn.
1301 2571 1342 2612 p.
1374 2558 1471 2600 185.

728 2641 876 2684 XCIV.

11 2775 14 2782 Ι
193 2719 350 2773 zamae,
387 2717 862 2780 Ἀμαρτυρὴτους-
893 2721 994 2766 ἀντὶ
1025 2724 1106 2767 τοῦ
1133 2721 1422 2783 ἀμαρτύρους.
1468 2718 1543 2767 οῧ-

12 2818 13 2822 =
79 2799 162 2836 τως
185 2782 470 2846 Ἀντιφάνης.
527 2796 685 2840 Eadem
715 2799 899 2840 Zonaras
928 2799 1029 2841 Lex.
1061 2799 1147 2854 lp.
1181 2799 1278 2840 141.
