1702 3158
220 156 304 198 52⁰
793 150 1050 194 ALExmls

439 256 552 305 ὅθεν
580 260 604 303 ὁ
633 261 797 317 πρῶτος
826 258 904 302 οὐκ
932 254 1198 308 ἀπαιδεύτως
1228 257 1335 314 ἔχων

442 343 656 401 ἱδρύσαθ’
691 342 806 399 ἱερὸν
833 340 1015 398 μητρός
1037 340 1090 383 οὐ
1118 339 1259 394 δείξας
1287 355 1440 398 σαφως

445 427 587 480 ποίας,
603 424 748 476 ἐάσας
779 424 831 467 δ’
860 423 1062 467 ὑπονοεῖν
1089 420 1147 474 εἷς
1176 423 1382 480 τοῦνομα.

337 513 536 553 Stobaeus
553 514 663 553 Flor.
678 511 847 553 LXXIX
870 512 936 552 l3.
992 512 1065 553 Vs.
1083 511 1104 549 l
1137 506 1272 560 ἦξίωσ
1298 512 1443 564 (super
1469 523 1500 549 ω
1521 478 1684 563 εοιὴὴι4

227 581 273 630 ο)
302 582 350 621 Α.
408 605 463 613 —
522 582 591 622 Vs.
621 583 648 621 3
681 583 893 634 legebatur
920 575 1058 631 μείζω.
1119 579 1309 620 Grotius:
1350 593 1449 620 nam
1489 581 1671 634 quisquis

228 650 342 702 sapit
359 678 372 698 ‚
401 650 511 689 nihil
529 655 773 703 praevortet
800 651 942 698 matri,
970 662 1023 689 ne
1050 661 1216 702 superos
1245 649 1431 701 quidem,
1459 649 1672 697 sententia,

228 722 275 757 ut
316 718 418 758 mihi
454 720 618 771 quidem
658 721 841 768 videtur,
878 720 1015 771 inepta
1051 723 1093 758 et
1133 718 1320 758 obstante
1355 730 1432 759 usu
1469 718 1674 770 loquendi,

231 797 323 826 cum
360 781 520 826 εἰδέναι
555 801 636 828 non
679 790 758 828 dici
796 790 924 840 possit
966 801 1042 841 pro
1085 786 1273 840 φρονεῖν.
1344 787 1511 827 Correxi
1553 787 1675 840 igitur

230 853 394 907 μεῖζον,
438 858 561 909 idque
599 858 729 909 ipsum
766 857 890 896 habet
924 854 980 897 Β.
1017 852 1071 894 τὰ
1107 854 1216 895 θεῖοι
1252 858 1386 895 nutem
1431 855 1583 908 pendet
1625 855 1675 895 ab

231 917 409 966 εἰδόσιν.
448 926 502 965 lis
531 926 599 976 qui
627 931 739 966 recte
768 926 982 966 aestimant
1008 938 1076 965 res
1106 925 1274 973 divinas,
1302 924 1399 964 nihil
1429 928 1557 964 matre
1585 937 1676 964 san-

233 995 339 1035 ctius
368 1007 459 1034 esse
489 995 600 1035 dicit.
629 1020 682 1027 —-
713 996 782 1036 Vs.
813 995 840 1034 4
868 995 910 1034 in
940 991 1111 1046 πρῶτος
1132 991 1280 1034 nomen
1309 993 1518 1044 proprium
1546 993 1676 1033 latere

232 1063 333 1102 vidit
356 1063 661 1103 Wakefieldius.
717 1065 989 1111 Hermannus,
1018 1075 1137 1115 quem
1167 1062 1218 1100 de
1247 1061 1327 1100 hoc
1354 1061 1449 1102 loco
1478 1062 1676 1110 consului,

233 1127 508 1185 Προμηθεὺς
535 1132 794 1189 scribendum
825 1132 1010 1172 coniecit.
1077 1131 1255 1171 Matrum
1291 1130 1508 1181 templum,
1545 1126 1678 1180 μητέ-

234 1212 321 1252 ρων
364 1195 499 1254 ἱερὸν,
539 1214 563 1241 a
591 1203 855 1242 Cretensibus
892 1201 934 1240 in
973 1199 1110 1240 Sicilia
1149 1198 1355 1239 conditum
1393 1199 1680 1237 commemorat

234 1269 439 1310 Diodorus
469 1271 549 1311 Sic.
581 1271 638 1312 lv
666 1272 735 1320 79,
772 1275 814 1311 et
842 1265 1003 1323 μητρὸς
1032 1264 1168 1327 ἱερόν,
1206 1280 1287 1308 non
1316 1266 1453 1306 addito
1481 1259 1678 1318 μεγάλης,

237 1339 367 1380 habes
397 1340 505 1392 apud
534 1340 773 1381 Pausaniam
803 1339 929 1381 Phoc.
959 1327 1117 1379 XXXH
1145 1338 1172 1377 3
1202 1341 1244 1378 et
1271 1335 1433 1378 Achaic.
1461 1334 1539 1375 XX
1566 1334 1607 1375 2.

870 1421 1057 1463 XXXVI.

747 1498 905 1552 ’Ὅστις
933 1496 1086 1553 ’ἥδεται
1114 1497 1196 1555 γὰρ
1223 1496 1392 1541 ἐσθίων

458 1582 683 1639 ὁσημέραι,
715 1585 785 1627 δεῖ
807 1586 880 1628 καὶ
909 1586 1048 1627 ποιεῖν
1076 1581 1162 1624 τῶν
1191 1580 1342 1624 σιτίων

459 1664 639 1720 ἐπάξιον
667 1683 721 1720 τι,
751 1668 861 1723 μηδὲ
892 1668 1157 1723 περινοστεῖν
1184 1664 1344 1722 σχολὴν
1680 1705 1687 1730 3

463 1749 643 1805 ἄγοντα,
671 1751 730 1809 τῷ
759 1752 833 1803 ζῆν
863 1748 1185 1806 πολεμιώτατον
1213 1746 1357 1792 κακόν.
1681 1735 1689 1742 ⁸

350 1837 551 1878 Stobaeus
580 1838 724 1879 Floril.
754 1838 869 1877 XXX
898 1839 938 1876 8.
996 1837 1066 1877 Vs.
1096 1838 1122 1875 2
1151 1837 1246 1875 libri
1275 1829 1320 1873 ἆε
1316 1833 1342 1873 ὶ
1369 1845 1444 1886 pro
1473 1829 1550 1880 δεῖ,
1577 1829 1687 1883 quod

242 1907 524 1958 reponendum
554 1907 654 1946 vidit
683 1908 889 1947 Porsonus
918 1906 1086 1947 Advers.
1116 1918 1157 1957 p.
1187 1906 1283 1944 303.
1336 1921 1390 1928 --
1438 1902 1507 1943 Vs.
1536 1901 1563 1939 3
1592 1912 1634 1938 τι
1662 1913 1688 1941 n

242 1974 427 2016 Gesner-o
464 1976 656 2016 omissum
685 1977 836 2015 habent
864 1975 901 2015 N
933 1979 973 2014 et
1004 1975 1143 2014 Trinc.
1208 1973 1364 2013 Ibidem
1402 1975 1496 2011 ante
1537 1960 1686 2010 Porso·

242 2056 339 2086 num
368 2045 581 2097 legebatur
608 2042 744 2097 μηδὲν
772 2042 1039 2098 περινοστεῖν
1068 2040 1113 2081 δὲ
1143 2037 1316 2094 σχολήν.

851 2126 1060 2168 XXXVII.

412 2207 510 2249 Τῶν
537 2205 619 2263 γὰρ
646 2205 833 2261 ἀγαθῶν
861 2208 939 2249 τὸν
967 2206 1154 2265 πλοῦτον
1182 2199 1372 2247 ὕστατον
1399 2200 1520 2246 τίθει
1537 2215 1547 2226 ·

408 2288 727 2345 ἇβεβαιότατον
755 2288 836 2347 γάρ
864 2290 982 2333 ἔστιν
1008 2282 1070 2331 οἷν
1097 2286 1358 2344 κεκτήμεθα.

411 2374 465 2415 τὰ
495 2372 543 2415 δ’
575 2372 675 2415 ἄλλ’
705 2374 894 2423 ἐπιεικῶς
923 2374 1012 2422 τοῖς
1041 2371 1186 2427 ἔχουσι
1215 2370 1462 2428 παραμένει.

357 2460 540 2501 Servavit
570 2461 769 2501 Stohaeus
798 2460 939 2503 Floril.
971 2459 1082 2501 XCV
1111 2459 1151 2500 8.

852 2542 1082 2583 XXXVIII.

466 2617 552 2660 Οὐκ
580 2616 671 2660 ἔστι
700 2615 974 2672 παιδαγωγὸς
1003 2610 1255 2668 ἀνθρώποις
1282 2607 1368 2667 ἄρα

464 2699 619 2755 ἔρωτος
647 2698 787 2750 οὐδεὶς
815 2698 942 2749 ἄλλος
972 2697 1303 2753 ἐπιμελέστερος.
