1702 3158
246 163 330 206 816
827 164 1100 207 AMPfflms

649 326 1296 375 ‹DJAAAEA‘IJOL

949 440 981 481 1.

408 517 540 561 Κατὰ
570 515 700 562 πόλλ’
731 519 896 562 ἐπαινῶ
922 510 1091 583 μᾶλλον
1118 518 1241 575 ἡμῶν
1268 522 1346 565 τὸν
1373 524 1474 578 βίον

409 601 485 644 τὸν
513 602 599 644 τῶν
627 603 878 659 φιλοποτῶν
902 601 1014 661 ἤπερ
1041 602 1166 660 ὑμῶν
1192 605 1280 648 τῶν
1306 605 1443 663 μόνον

409 686 455 728 ἐν
482 684 541 744 τῷ
567 685 751 744 μετώπῳ
777 687 883 729 νοῦν
911 686 1021 743 ἔχειν
1049 684 1288 732 εἰωθότων.

408 767 436 821 ἡ
465 771 544 824 μὲν
572 767 655 826 γὰρ
682 770 754 812 ἐπὶ
781 769 860 814 τοῦ
887 769 1188 830 συντετάχθαι
1215 771 1288 815 διὰ
1316 760 1461 824 τέλους
1543 783 1560 789 “
1628 782 1632 785 ’
1658 760 1677 794 Ῑ

353 853 382 897 5
411 850 622 910 φρόνησις
649 844 778 904 οὖσα,
804 853 878 895 διὰ
906 853 956 896 τὸ
986 853 1148 905 λεπτῶς
1175 855 1248 897 καὶ
1279 857 1446 906 πυκνῶς

411 924 543 979 πάντ’
575 933 780 989 ἐξετάζειν
809 936 948 979 δέδιεν
975 937 1046 980 ἐπὶ
1074 938 1129 980 τὰ
1158 918 1397 995 πράγματα
1458 974 1460 977 .
1483 938 1509 1000 μ’

409 1018 551 1075 ὁρμᾶν
579 1017 825 1075 προχείρως,
851 1017 879 1071 ἡ
911 1020 957 1061 δὲ
986 1020 1062 1062 διὰ
1089 1019 1138 1062 τὸ
1166 1020 1227 1077 μὴ
1255 1022 1408 1077 σαφῶς
1463 1053 1465 1055 -

406 1101 452 1144 τί
480 1098 583 1144 ποτ’
614 1098 704 1158 ἀφ’
735 1098 917 1144 ἑκάστου
945 1100 1199 1159 πράγματος
1226 1101 1500 1160 συμβήσεται
1672 1118 1694 1150 4

410 1183 748 1240 διαλελογίσθαι
778 1185 864 1243 δρᾷ
890 1200 932 1227 τι
961 1187 1035 1228 καὶ
1067 1185 1264 1230 νεανικόν

325 1275 382 1316 10
409 1270 483 1313 καὶ
511 1265 696 1324 θερμόν.

354 1358 590 1400 Athenaeus
619 1354 658 1394 X
686 1354 824 1407 p.448
841 1367 886 1395 a:
908 1348 1082 1407 ”Αμφις
1111 1349 1162 1392 δ’
1179 1340 1226 1394 ἐν
1244 1341 1545 1409 Φιλαδέλφοις
1568 1334 1691 1397 ἐπαι-

244 1425 331 1470 νῶν
366 1424 444 1466 τὸν
486 1422 571 1463 τῶν
610 1420 860 1476 φιλοποτῶν
897 1419 997 1475 βίον
1045 1422 1156 1477 φησὶ
1191 1421 1323 1463 Κατὰ
1361 1421 1487 1464 πολλ’
1528 1423 1692 1466 ἐπαινῶ

243 1496 334 1539 κτλ.
389 1496 553 1537 Priores
582 1498 667 1533 tres
695 1505 838 1532 versus
867 1491 994 1532 habet
1023 1493 1143 1533 etiam
1172 1494 1412 1534 Eustathius
1428 1509 1468 1547 p.
1483 1496 1592 1535 1015
1619 1497 1689 1538 46.

243 1569 316 1611 Vs.
347 1566 371 1605 l
410 1559 662 1618 φιλοποτῶν
690 1562 760 1602 ΑΒ
803 1565 845 1600 et
885 1561 1136 1601 Eustathius.
1195 1559 1451 1601 πολυποτῶν
1480 1564 1599 1605 PVL.
1636 1589 1690 1598 --

244 1639 316 1681 Vs.
345 1636 372 1675 4
412 1648 493 1675 non
535 1632 640 1673 male
680 1630 889 1683 wyttenb.
930 1630 980 1669 ad
1023 1632 1182 1683 Eunap.
1212 1645 1252 1684 p.
1282 1633 1336 1671 79
1380 1626 1692 1678 συντετάσθαιῖἶῑ

244 1707 357 1750 Nihil
386 1708 519 1744 tamen
550 1701 787 1741 mutandum
817 1700 996 1748 videtur3
1027 1700 1280 1752 prudentiam
1312 1702 1410 1742 dicit
1437 1716 1541 1755 quae
1569 1705 1610 1744 in
1641 1717 1690 1746 eo

245 1779 445 1831 perpetuo
475 1776 672 1824 occupata
702 1774 788 1818 est,
818 1774 863 1808 ut
893 1769 1083 1820 quicquid
1112 1774 1255 1821 agatur
1283 1771 1425 1812 ordine
1455 1778 1497 1812 et
1525 1786 1689 1828 compo-

245 1848 323 1888 site
350 1847 506 1898 agatur.
537 1866 591 1882 .—
621 1840 691 1882 Vs.
721 1840 747 1878 9
778 1839 810 1877 Ρ
841 1833 1175 1888 διαλελόγισται.

933 1938 985 1977 lI.

453 2017 698 2070 '‘AnoMov,
725 2015 782 2068 ῶς
814 2015 1081 2073 δυσάρεστόν
1108 2015 1199 2060 ἐστ’
1232 2015 1467 2074 ἀνιώμενος

462 2101 701 2158 ἄνθρωπος
729 2100 802 2158 ἐφ’
834 2097 1001 2144 ἅπασίν
1029 2116 1074 2143 τε
1104 2101 1313 2158 δυσχερῶς
1342 2101 1436 2158 ἔχει.

357 2207 557 2249 Stobaeus
584 2206 618 2247 F
621 2205 729 2246 lorii.
758 2205 891 2246 XCIX
921 2206 975 2245 24
1010 2217 1100 2247 cum
1129 2206 1322 2247 lemmate
1341 2200 1570 2260 ’Ἄμφιδος
1602 2204 1688 2248 Φι-

243 2275 483 2331 λαδὲλφων.

645 2438 1288 2483 ΦΙΛΕΤΑΙΡΟΣ.

512 2536 659 2594 ''Ex-sav
686 2538 914 2598 καθαρίως
943 2537 1185 2596 ἐγχελύδιόν
1212 2554 1255 2581 τι
1283 2538 1357 2580 καί

519 2622 815 2676 γλαυκινιδίου
843 2621 1058 2681 κεφάλαια
1086 2623 1160 2666 καὶ
1187 2621 1427 2679 λαβρακίου

522 2703 716 2763 τεμάχια.
