1702 3158
518 123 567 164 11
571 121 654 165 ΡΩ
665 119 898 164 ΤΕΣΙΛΑ
905 117 994 162 ΟΣ.
1403 117 1488 159 185

291 235 474 290 νηττῶν,
505 235 710 293 φαττῶν·
738 233 880 290 χῆνες,
911 227 1142 288 στρουθοί,

288 323 445 378 κίχλαι,
473 319 663 378 κόρυδοι,
695 318 852 370 κίτται,
883 316 1044 368 κύκνοι,

210 412 263 452 65
294 404 488 460 πελεκάν,
518 404 701 460 κίγκλοι,
732 405 912 460 γέρανος
941 432 997 437 -
1034 399 1158 443 τουδί

289 493 368 534 τοῦ
392 490 634 548 χάσκοντος
665 490 978 543 διατειναμένη

294 575 368 618 διὰ
398 576 476 618 τοῦ
506 574 705 632 πρωκτοῦ
734 574 809 615 καὶ
839 572 925 613 τῶν
954 571 1149 623 πλευραῖν

291 658 546 716 διακόψειεν
574 659 626 701 τὸ
656 659 874 714 μέτωπον.

289 737 402 787 οἶνοι
432 745 479 786 δέ
509 759 580 785 σοι
609 743 757 792 λευκός
872 745 891 766 ’·
1005 746 1024 766 *
1141 746 1159 768 *

206 833 262 872 ’70
291 827 446 884 γλυκὺς
478 825 722 881 αὐθιγενὴς
751 823 859 877 ἡδὺς
889 822 1091 874 καπνίας.

125 945 364 988 Athenaeus
396 945 453 987 IV
482 957 523 997 p.
545 944 625 984 131
645 957 668 983 a
698 956 814 995 sqq.:
841 935 1201 994 Ἀναξανδρίδης
1231 933 1275 978 δ’
1295 937 1487 996 ἐνΠρω-

14 1012 196 1071 τεσιλὰῳ
236 1010 458 1068 διασύρων
498 1011 548 1053 τὸ
589 1011 676 1053 τῶν
709 1006 990 1067 Ἰφικράτους
1029 1006 1182 1063 γάμων
1223 1009 1487 1064 συμπόσιον,

14 1078 84 1126 ὅτε
127 1082 254 1139 ἤγετο
296 1082 377 1134 τὴν
419 1079 588 1131 Κότυος
635 1081 713 1123 τοῦ
758 1080 943 1137 Θρᾳκῶν
982 1081 1196 1134 βασιλέως
1240 1082 1485 1138 θυγατέρα,

15 1153 155 1209 φησίν
197 1150 293 1196 Κᾶν
334 1151 475 1194 ταῦτα
519 1152 608 1193 κτλ.
683 1154 901 1207 Iphicratis
949 1154 989 1193 in
1037 1154 1217 1194 Thracia
1258 1167 1488 1195 commora-

16 1227 169 1268 tionem
205 1228 292 1267 sive
333 1226 498 1267 exilium
540 1226 816 1266 voluntarium
862 1229 1156 1265 commemorat
1188 1225 1488 1279 Theopompus

14 1298 218 1339 Athenaei
255 1297 337 1337 Xll
373 1310 413 1349 p.
444 1296 586 1336 5321).
654 1295 729 1336 Cfr
766 1296 1000 1336 Aristotelis
1041 1295 1196 1337 Oecon.
1229 1294 1268 1334 11
1305 1308 1344 1347 p.
1378 1295 1486 1336 1351

13 1368 152 1408 Berol.
212 1368 312 1409 Eius
343 1380 436 1407 cum
469 1367 676 1416 Thressa,
707 1366 869 1419 „Cotyos
899 1367 1007 1415 filia,
1045 1367 1352 1406 matrimonium
1382 1379 1489 1409 unus

14 1443 230 1492 praeterea
269 1442 564 1478 commemorat
605 1438 823 1478 Cornelius
860 1437 967 1490 Nep.
1009 1437 1162 1489 Iphicr.
1193 1438 1220 1476 3
1260 1450 1309 1477 ex
1346 1438 1488 1479 Theo-

15 1522 182 1562 pompo,
213 1513 260 1549 ut
288 1509 463 1549 videtur.
523 1509 658 1561 Cotyn
690 1508 908 1560 iphicratis
937 1504 1155 1556 κηδεστὴν
1184 1507 1364 1560 ambigui
1394 1521 1488 1549 sen-

15 1574 85 1620 sus
125 1580 325 1620 vocabulo
366 1580 547 1632 appellat
588 1579 890 1637 Demosthenes
929 1591 964 1618 c.
1005 1579 1203 1618 Aristocr.
1245 1593 1284 1631 p.
1316 1579 1399 1618 663
1434 1579 1489 1621 R.

17 1649 90 1692 VS.
123 1650 147 1689 1
191 1644 433 1688 κάνταῦθα
465 1649 511 1688 P.
579 1645 827 1703 Ρτοποιῇς
858 1648 939 1687 Th.
972 1649 1174 1700 Bergkius
1213 1649 1254 1688 in
1286 1650 1490 1691 Zimmer-

16 1719 154 1760 mauni
190 1721 300 1760 Diar.
342 1719 449 1759 stud.
492 1722 574 1757 ant.
616 1718 726 1757 1837
765 1732 804 1770 p.
836 1718 892 1757 42
931 1718 1136 1757 scribebat
1176 1714 1390 1767 ποιῆσθ’.
1432 1744 1490 1753 .-

17 1788 131 1832 Vs.2
162 1784 371 1842 δεξόμεθ’
406 1788 687 1829 Wakefieldus
717 1787 816 1827 Silv.
847 1787 937 1826 crit.
969 1787 1008 1826 11
1042 1801 1081 1839 p.
1113 1788 1182 1828 89.
1214 1783 1367 1841 δέχεθ’
1401 1790 1488 1832 VL.

20 1854 168 1910 ἄξεθ’
203 1860 346 1901 ABDP
389 1863 431 1898 et
457 1858 789 1898 ‘Casaubonianh
846 1857 1108 1910 Dindorfizae.
1182 1859 1322 1900 Possis
1365 1860 1489 1901 etiam

20 1941 112 1970 cum
162 1931 345 1970 lacobsio
393 1925 576 1978 δέξονθ’
621 1925 732 1981 ὑμᾶς
785 1941 842 1968 sc.
887 1922 1152 1968 δεσπόσυνοι
1201 1928 1245 1969 οἱ
1290 1925 1492 1984 ἡμέτεροι

21 2000 109 2050 (vs.
137 2001 233 2050 33),
272 2012 375 2053 quos
404 1999 584 2039 fortasse
619 2001 661 2039 in
700 1999 1041 2039 antecedentibus
1082 2006 1489 2044 commemoraverat.

21 2069 258 2111 Erfurdtius
301 2067 483 2120 δέξεται,
561 2071 642 2109 Pro
686 2065 798 2121 ὑμᾶς
837 2072 873 2122 Q
919 2070 1028 2122 apud
1058 2070 1230 2112 Villebr.
1270 2067 1399 2124 ἡμᾶς.
1437 2097 1493 2105 —-

23 2139 96 2182 vs.
125 2141 152 2180 3
186 2142 309 2194 vulgo
346 2135 521 2193 ὁμοίως.
580 2141 613 2180 P
644 2134 836 2193 ὁμοίους.
897 2140 1107 2181 lacobsius
1137 2136 1320 2193 ὁμοίοις.
1374 2138 1495 2196 Ἰφι-

25 2204 168 2261 κράτει
196 2210 244 2250 Ρ.
274 2235 329 2243 —-
362 2211 480 2253 Vs.4
509 2209 584 2249 καὶ
614 2209 704 2257 τοῖς
734 2211 856 2250 ΑΒΡ.
888 2208 1030 2263 φασὶν
1059 2213 1107 2252 Δ.
1141 2210 1256 2263 φασὶ
1287 2213 1409 2254 PVL.
1438 2237 1496 2245 —-

25 2279 97 2322 vs.
124 2281 152 2320 5
190 2277 468 2332 βυβακάλους
496 2276 610 2320 αὐτὰ
639 2282 803 2332 BDPQ.
871 2281 1018 2332 Neque
1048 2281 1169 2321 aliter
1197 2284 1247 2331 A,
1286 2287 1332 2322 ut
1362 2283 1493 2324 diser-

26 2350 99 2390 tim
128 2352 334 2392 annotavit
364 2354 590 2399 Bekkerus.
614 2358 622 2366 ”
658 2353 827 2393 Falsum
856 2353 984 2404 igitur
1015 2357 1100 2402 est,
1141 2353 1252 2404 quod
1283 2353 1492 2406 Schweig-

26 2418 252 2462 haeuserus
282 2427 442 2471 narrat,
478 2424 521 2463 in
554 2423 698 2463 codice
726 2423 810 2476 legi
840 2418 1042 2475 βὺβακας
1072 2418 1199 2462 αὑτά.
1258 2424 1331 2465 VL
1363 2421 1493 2476 φιλο·

29 2484 165 2537 κάλως
204 2486 330 2531 αὐτά.
398 2493 636 2533 Dindorfius
667 2494 914 2534 coniiciebat
943 2488 1061 2533 πάνυ
1089 2492 1164 2532 καὶ
1193 2489 1307 2532 καλὰ
1335 2491 1491 2538 ταῦτα.

31 2559 113 2599 Th.
128 2562 326 2613 Bergkius
355 2557 584 2615 βαὺβακας
613 2560 768 2614 ταῦτα,
798 2570 841 2605 et
870 2571 1013 2605 tamen
1042 2565 1191 2605 dicunt
1219 2564 1318 2604 illas
1347 2565 1491 2618 epulas

25 2628 164 2680 fuisso
189 2633 372 2683 nuptias,
401 2634 579 2674 confisus
609 2636 833 2688 Hesychio,
862 2624 1083 2688 Βάβακαε
1113 2632 1191 2675 τὸν
1219 2631 1373 2688 γάμον.
1406 2635 1491 2676 Sed

33 2697 78 2738 id
105 2702 220 2741 recte
247 2702 453 2756 corrigunt
481 2705 610 2746 critici
640 2701 719 2746 τὸν
746 2701 921 2760 γάλλον.
988 2708 1044 2750 Et
1081 2708 1251 2762 languet
1279 2707 1369 2760 ipsa
1394 2719 1490 2747 sen-
