1702 3158
226 301 270 338 et
298 301 484 349 quartum
513 309 675 337 versum
705 296 857 348 aliquid
887 297 1077 337 omissum
1108 297 1236 337 videri
1266 302 1410 350 potest.
1454 322 1509 330 --
1546 298 1616 339 vs.
1643 298 1669 338 5

227 367 322 419 epit.
353 371 395 405 et
424 368 540 407 Eust.
569 361 857 413 Ἀθηναίους.
924 367 1059 407 Verba
1094 361 1150 413 ὥς
1184 366 1378 418 γενναῖος
1415 355 1470 415 ἦν
1497 366 1670 407 fortasse

225 437 275 475 ad
306 436 487 476 Adaeum
517 436 602 475 sive
633 435 877 486 Alectryona
907 434 1123 474 referenda
1152 441 1258 476 sunt.
1317 436 1544 476 Menander
1570 432 1670 474 Θεο-

227 518 326 560 (pop.
357 506 394 545 11
427 506 500 543 12:
530 498 839 556 ἀλεκτρυών
868 503 1118 554 γενναῖος
1146 502 1191 543 ἐν
1221 502 1342 560 ἑτέρᾳ
1372 502 1511 560 τροφῇ
1539 500 1670 553 ἐστίν,

228 570 252 614 ὁ
282 569 331 612 δ’
363 569 543 624 ἀγεννὴς
570 571 644 612 καὶ
673 569 796 611 δέδια
826 569 905 611 τὸν
933 569 1168 625 κρείττονα.
1217 577 1330 626 Quae
1348 575 1556 614 Dobraeus
1573 574 1672 615 Adv.

227 644 267 683 11
304 657 344 695 p.
373 642 458 682 355
501 648 708 695 comparat
749 655 840 683 cum
877 643 1009 683 verbis
1051 644 1158 695 Clyti
1196 645 1347 684 Milesii
1384 644 1490 696 apud
1526 643 1672 684 Athen.

224 712 323 754 XIV
349 726 390 765 p.
420 712 567 751 6550:
608 707 690 764 ἔχει
726 706 873 763 (ὅρνις
901 709 1154 764 μελεαγρὶς)
1184 709 1234 751 τὸ
1262 712 1343 766 μὲν
1369 711 1556 765 μέγεθος
1586 707 1676 765 ὅρ-

225 779 397 828 νιθος
425 778 653 831 γενναίο
671 794 708 821 υ.
756 781 873 833 Quod
901 787 1014 822 recte
1043 782 1243 833 intellegit
1272 783 1323 822 de
1352 783 1460 835 gallo
1491 770 1559 833 qui
1588 795 1674 821 cer-

222 185 306 227 566
544 184 912 226 HERAchES.
979 185 1352 245 HERAGLITUS.

225 850 443 890 taminibus
485 850 784 890 committendis
828 851 950 889 alitur
986 849 1322 904 (Kampslzakn).
1395 852 1580 892 Charetis
1623 852 1674 891 de

225 920 388 969 Adam,
434 921 776 959 mercenariorum
809 918 985 971 Philippi
1016 920 1186 958 militum
1216 920 1319 959 duce
1338 949 1348 969 ‚
1385 921 1592 959 victoriam
1622 921 1672 959 ad

226 990 462 1029 alterutram
508 989 678 1028 duarum
722 989 882 1027 illarum
922 989 1222 1039 expeditionum
1266 990 1316 1028 ab
1355 990 1671 1029 Atheniensibus

226 1059 420 1098 adversus
452 1058 687 1109 Philippum
718 1057 880 1108 Olymp.
910 1057 1044 1098 can
1075 1057 1096 1095 1
1130 1070 1203 1108 pro
1236 1058 1438 1109 Olynthiis
1466 1062 1673 1110 suscepta-

225 1140 316 1168 rum
355 1131 565 1180 spectare‚
601 1126 757 1166 monuit
787 1125 1210 1177 Schweigliaeuserus.
1278 1126 1460 1167 Adaeum
1498 1139 1674 1166 comme-

225 1201 359 1242 morat
388 1197 507 1237 etiam
538 1197 793 1236 Damoxenus
823 1196 1155 1247 Heautonpenth.
1185 1208 1240 1236 vs.
1274 1195 1314 1236 5.

491 1540 1406 1602 HERAOLITUS.

339 1773 576 1814 Athenaeus
605 1774 643 1814 X
673 1787 713 1827 p.
743 1777 893 1815 4146:
925 1770 1197 1828 Ἡράκλειτος
1226 1771 1271 1812 δ’
1303 1774 1349 1813 ἐν
1377 1770 1435 1829 τῷ
1463 1767 1675 1820 Ξενίζοντι

222 1836 405 1890 Ἑλένην
443 1838 555 1895 φησί
592 1854 691 1881 τινα
729 1845 910 1896 γυναῖκα
940 1844 1119 1884 πλὲῖστα
1150 1843 1425 1896 βεβρωκέναι.
1485 1843 1671 1882 Scriben-

226 1910 322 1952 dum
362 1912 522 1952 videtur
554 1907 860 1966 ίΗριιικλ.ειί)“ης·.
931 1917 980 1956 V.
1012 1917 1118 1955 Hist.
1149 1916 1237 1953 crit.
1269 1928 1308 1965 p.
1339 1915 1433 1954 422.
1500 1915 1559 1953 De
1591 1914 1671 1953 He*

225 1979 318 2022 lena
344 1981 413 2021 illa
442 1982 656 2025 multivora
686 1985 776 2025 vide
804 1987 853 2026 ad
884 1986 1123 2039 Antiphanis
1153 1986 1186 2025 F
1189 1998 1315 2037 ragin.
1347 1998 1384 2036 p.
1415 1984 1482 2023 38.
