<?xml version="1.0" encoding="UTF-8"?>
<!DOCTYPE html PUBLIC "-//W3C//DTD XHTML 1.0 Transitional//EN"
    "http://www.w3.org/TR/xhtml1/DTD/xhtml1-transitional.dtd">
<html xmlns="http://www.w3.org/1999/xhtml" xml:lang="en" lang="en">
 <head>
  <title>
</title>
<meta http-equiv="Content-Type" content="text/html;charset=utf-8" />
  <meta name='ocr-system' content='tesseract 3.04.00' />
  <meta name='ocr-capabilities' content='ocr_page ocr_carea ocr_par ocr_line ocrx_word'/>
</head>
<body>
  <div class='ocr_page' id='page_1' title='image "./fragmentacomicor03meinuoft_0275.png"; bbox 0 0 1702 3158; ppageno 0'>
   <div class='ocr_carea' id='block_1_1' title="bbox 496 124 1538 168">
    <p class='ocr_par' dir='ltr' id='par_1_1' title="bbox 496 124 1538 168">
     <span class='ocr_line' id='line_1_1' title="bbox 496 124 1538 168; baseline 0.001 -1"><span class='ocrx_word' id='word_1_1' title='bbox 496 125 760 167; x_wconf 67' lang='lat' dir='ltr'><strong>FABULAE</strong></span> <span class='ocrx_word' id='word_1_2' title='bbox 798 124 1102 168; x_wconf 75' lang='lat' dir='ltr'><em>INGERTAE.</em></span> <span class='ocrx_word' id='word_1_3' title='bbox 1454 127 1538 168; x_wconf 74' lang='lat'><em>2⁶7</em></span> 
     </span>
    </p>
   </div>
   <div class='ocr_carea' id='block_1_2' title="bbox 65 238 1542 1203">
    <p class='ocr_par' dir='ltr' id='par_1_2' title="bbox 767 238 845 280">
     <span class='ocr_line' id='line_1_2' title="bbox 767 238 845 280; baseline 0.013 -1"><span class='ocrx_word' id='word_1_4' title='bbox 767 238 845 280; x_wconf 76' lang='lat' dir='ltr'><em>XI.</em></span> 
     </span>
    </p>

    <p class='ocr_par' dir='ltr' id='par_1_3' title="bbox 65 302 1542 1203">
     <span class='ocr_line' id='line_1_3' title="bbox 177 302 1539 362; baseline -0.001 -11"><span class='ocrx_word' id='word_1_5' title='bbox 177 309 416 352; x_wconf 76' lang='lat' dir='ltr'><strong>Athenaeus</strong></span> <span class='ocrx_word' id='word_1_6' title='bbox 447 308 485 349; x_wconf 90' lang='lat'><em>11</em></span> <span class='ocrx_word' id='word_1_7' title='bbox 516 321 557 362; x_wconf 79' lang='lat' dir='ltr'><em>p.</em></span> <span class='ocrx_word' id='word_1_8' title='bbox 587 308 644 349; x_wconf 84' lang='lat'><em>43</em></span> <span class='ocrx_word' id='word_1_9' title='bbox 660 308 700 349; x_wconf 77' lang='lat' dir='ltr'><em>f:</em></span> <span class='ocrx_word' id='word_1_10' title='bbox 739 303 965 361; x_wconf 76' lang='grc' dir='ltr'><em>Εὔβουλος</em></span> <span class='ocrx_word' id='word_1_11' title='bbox 994 302 1309 360; x_wconf 75' lang='grc' dir='ltr'><strong><em>εὑρετικούς</em></strong></span> <span class='ocrx_word' id='word_1_12' title='bbox 1338 319 1452 362; x_wconf 51' lang='grc' dir='ltr'><em>(φησι</em></span> <span class='ocrx_word' id='word_1_13' title='bbox 1480 305 1539 349; x_wconf 89' lang='grc' dir='ltr'><em>τὸ</em></span> 
     </span>
     <span class='ocr_line' id='line_1_4' title="bbox 66 372 1536 434; baseline -0.001 -14"><span class='ocrx_word' id='word_1_14' title='bbox 66 372 209 434; x_wconf 78' lang='grc' dir='ltr'><em>ὕδωρ</em></span> <span class='ocrx_word' id='word_1_15' title='bbox 251 379 437 420; x_wconf 81' lang='grc' dir='ltr'><em>ποιεῖν</em></span> <span class='ocrx_word' id='word_1_16' title='bbox 474 376 604 427; x_wconf 86' lang='grc' dir='ltr'><em>τοὺς</em></span> <span class='ocrx_word' id='word_1_17' title='bbox 639 375 909 427; x_wconf 80' lang='grc' dir='ltr'><em>πίνοντας</em></span> <span class='ocrx_word' id='word_1_18' title='bbox 946 373 1084 418; x_wconf 83' lang='grc' dir='ltr'><em>αὐτὸ</em></span> <span class='ocrx_word' id='word_1_19' title='bbox 1124 373 1318 431; x_wconf 79' lang='grc' dir='ltr'><em>μόνον,</em></span> <span class='ocrx_word' id='word_1_20' title='bbox 1360 376 1455 418; x_wconf 85' lang='grc' dir='ltr'><em>τὸν</em></span> <span class='ocrx_word' id='word_1_21' title='bbox 1486 375 1536 418; x_wconf 76' lang='grc' dir='ltr'><em>δ’</em></span> 
     </span>
     <span class='ocr_line' id='line_1_5' title="bbox 66 440 1536 506; baseline -0.002 -15"><span class='ocrx_word' id='word_1_22' title='bbox 66 440 232 491; x_wconf 85' lang='grc' dir='ltr'><em>οἶνον</em></span> <span class='ocrx_word' id='word_1_23' title='bbox 269 447 421 504; x_wconf 76' lang='grc' dir='ltr'><em>ἡμῶν</em></span> <span class='ocrx_word' id='word_1_24' title='bbox 460 447 533 506; x_wconf 75' lang='grc' dir='ltr'><em>τῷ</em></span> <span class='ocrx_word' id='word_1_25' title='bbox 568 449 806 504; x_wconf 78' lang='grc' dir='ltr'><em>φρονεῖν</em></span> <span class='ocrx_word' id='word_1_26' title='bbox 840 447 1179 491; x_wconf 81' lang='grc' dir='ltr'><em>ἐπισκοτεῖν.</em></span> <span class='ocrx_word' id='word_1_27' title='bbox 1237 447 1294 488; x_wconf 79' lang='grc' dir='ltr'><em>τὰ</em></span> <span class='ocrx_word' id='word_1_28' title='bbox 1330 444 1446 488; x_wconf 71' lang='grc' dir='ltr'><em>αὐτὰ</em></span> <span class='ocrx_word' id='word_1_29' title='bbox 1485 445 1536 488; x_wconf 77' lang='grc' dir='ltr'><em>δ’</em></span> 
     </span>
     <span class='ocr_line' id='line_1_6' title="bbox 68 515 1539 575; baseline 0 -13"><span class='ocrx_word' id='word_1_30' title='bbox 68 517 251 575; x_wconf 80' lang='grc' dir='ltr'><em>ἰαμβεῖα</em></span> <span class='ocrx_word' id='word_1_31' title='bbox 280 520 355 562; x_wconf 85' lang='grc' dir='ltr'><em>καὶ</em></span> <span class='ocrx_word' id='word_1_32' title='bbox 388 515 616 575; x_wconf 74' lang='grc' dir='ltr'><em>Ὠ([ε).ι’ων</em></span> <span class='ocrx_word' id='word_1_33' title='bbox 635 517 798 575; x_wconf 65' lang='grc' dir='ltr'><em>ηησίν.</em></span> <span class='ocrx_word' id='word_1_34' title='bbox 850 522 895 563; x_wconf 89' lang='lat' dir='ltr'><em>ln</em></span> <span class='ocrx_word' id='word_1_35' title='bbox 927 522 1148 575; x_wconf 81' lang='lat' dir='ltr'><strong>postremis</strong></span> <span class='ocrx_word' id='word_1_36' title='bbox 1178 521 1301 562; x_wconf 81' lang='lat' dir='ltr'><strong>facile</strong></span> <span class='ocrx_word' id='word_1_37' title='bbox 1332 523 1539 562; x_wconf 77' lang='lat' dir='ltr'><strong>senarium</strong></span> 
     </span>
     <span class='ocr_line' id='line_1_7' title="bbox 69 581 1540 648; baseline 0.001 -15"><span class='ocrx_word' id='word_1_38' title='bbox 69 606 294 647; x_wconf 73' lang='lat' dir='ltr'><strong>agnoscas:</strong></span> <span class='ocrx_word' id='word_1_39' title='bbox 321 587 366 632; x_wconf 87' lang='lat' dir='ltr'><em>‘O</em></span> <span class='ocrx_word' id='word_1_40' title='bbox 397 587 449 631; x_wconf 83' lang='grc' dir='ltr'><em>δ’</em></span> <span class='ocrx_word' id='word_1_41' title='bbox 479 581 596 639; x_wconf 77' lang='grc' dir='ltr'><em>οἶνος</em></span> <span class='ocrx_word' id='word_1_42' title='bbox 625 586 748 645; x_wconf 77' lang='grc' dir='ltr'><em>ἡμῶν</em></span> <span class='ocrx_word' id='word_1_43' title='bbox 776 589 835 648; x_wconf 76' lang='grc' dir='ltr'><em>τῷ</em></span> <span class='ocrx_word' id='word_1_44' title='bbox 865 590 1043 647; x_wconf 75' lang='grc' dir='ltr'><em>φρονεῖν</em></span> <span class='ocrx_word' id='word_1_45' title='bbox 1070 589 1300 632; x_wconf 71' lang='grc' dir='ltr'><em>ἐπισκοτεῖ.</em></span> <span class='ocrx_word' id='word_1_46' title='bbox 1338 594 1540 645; x_wconf 85' lang='lat' dir='ltr'><strong>Apposite</strong></span> 
     </span>
     <span class='ocr_line' id='line_1_8' title="bbox 68 663 1541 716; baseline 0 -13"><span class='ocrx_word' id='word_1_47' title='bbox 68 663 228 704; x_wconf 81' lang='lat' dir='ltr'>Plinius</span> <span class='ocrx_word' id='word_1_48' title='bbox 257 664 313 704; x_wconf 89' lang='lat' dir='ltr'><em>H.</em></span> <span class='ocrx_word' id='word_1_49' title='bbox 345 663 396 704; x_wconf 90' lang='lat' dir='ltr'><em>N.</em></span> <span class='ocrx_word' id='word_1_50' title='bbox 428 663 568 703; x_wconf 83' lang='lat' dir='ltr'>XXIII</span> <span class='ocrx_word' id='word_1_51' title='bbox 601 663 619 702; x_wconf 93' lang='lat' dir='ltr'>l</span> <span class='ocrx_word' id='word_1_52' title='bbox 654 665 732 703; x_wconf 77' lang='lat'><em>23:</em></span> <span class='ocrx_word' id='word_1_53' title='bbox 763 665 808 703; x_wconf 81' lang='lat' dir='ltr'><em>in</em></span> <span class='ocrx_word' id='word_1_54' title='bbox 831 663 1254 716; x_wconf 78' lang='lat' dir='ltr'><em>proverbium·cessit</em></span> <span class='ocrx_word' id='word_1_55' title='bbox 1282 664 1541 716; x_wconf 74' lang='lat' dir='ltr'><em>sapientiam</em></span> 
     </span>
     <span class='ocr_line' id='line_1_9' title="bbox 69 733 1540 786; baseline 0.002 -14"><span class='ocrx_word' id='word_1_56' title='bbox 69 735 168 773; x_wconf 74' lang='lat' dir='ltr'><em>vino</em></span> <span class='ocrx_word' id='word_1_57' title='bbox 198 733 450 772; x_wconf 82' lang='lat' dir='ltr'><em>obumbrari.</em></span> <span class='ocrx_word' id='word_1_58' title='bbox 509 733 572 773; x_wconf 91' lang='lat' dir='ltr'><em>Ab</em></span> <span class='ocrx_word' id='word_1_59' title='bbox 603 734 749 773; x_wconf 89' lang='lat' dir='ltr'><strong>eodem</strong></span> <span class='ocrx_word' id='word_1_60' title='bbox 779 747 909 786; x_wconf 85' lang='lat' dir='ltr'><strong>aquae</strong></span> <span class='ocrx_word' id='word_1_61' title='bbox 939 738 1086 786; x_wconf 86' lang='lat' dir='ltr'><strong>potore</strong></span> <span class='ocrx_word' id='word_1_62' title='bbox 1115 734 1286 774; x_wconf 85' lang='lat' dir='ltr'><strong>recitata</strong></span> <span class='ocrx_word' id='word_1_63' title='bbox 1318 733 1449 774; x_wconf 86' lang='lat' dir='ltr'><strong>fuisse</strong></span> <span class='ocrx_word' id='word_1_64' title='bbox 1479 736 1540 775; x_wconf 76' lang='lat' dir='ltr'><em>vi-</em></span> 
     </span>
     <span class='ocr_line' id='line_1_10' title="bbox 70 802 1541 859; baseline 0.003 -17"><span class='ocrx_word' id='word_1_65' title='bbox 70 803 222 842; x_wconf 84' lang='lat' dir='ltr'><strong>dentur</strong></span> <span class='ocrx_word' id='word_1_66' title='bbox 251 815 356 854; x_wconf 85' lang='lat' dir='ltr'><strong>quae</strong></span> <span class='ocrx_word' id='word_1_67' title='bbox 386 802 563 842; x_wconf 72' lang='lat' dir='ltr'><strong>servavit</strong></span> <span class='ocrx_word' id='word_1_68' title='bbox 592 803 981 859; x_wconf 24' lang='lat' dir='ltr'><strong>Hyginus‘Astron.</strong></span> <span class='ocrx_word' id='word_1_69' title='bbox 1013 803 1150 843; x_wconf 89' lang='lat' dir='ltr'>XXIX</span> <span class='ocrx_word' id='word_1_70' title='bbox 1181 817 1221 856; x_wconf 86' lang='lat' dir='ltr'><em>p.</em></span> <span class='ocrx_word' id='word_1_71' title='bbox 1252 804 1361 844; x_wconf 78' lang='lat'>404:</span> <span class='ocrx_word' id='word_1_72' title='bbox 1396 805 1541 846; x_wconf 77' lang='lat' dir='ltr'><em>Eubu-</em></span> 
     </span>
     <span class='ocr_line' id='line_1_11' title="bbox 67 869 1541 931; baseline 0.003 -17"><span class='ocrx_word' id='word_1_73' title='bbox 67 869 131 914; x_wconf 62' lang='lat' dir='ltr'><em>lias</em></span> <span class='ocrx_word' id='word_1_74' title='bbox 167 878 310 914; x_wconf 81' lang='lat' dir='ltr'><strong>autem</strong></span> <span class='ocrx_word' id='word_1_75' title='bbox 344 873 563 926; x_wconf 83' lang='lat' dir='ltr'><em>Cecropem</em></span> <span class='ocrx_word' id='word_1_76' title='bbox 596 873 856 913; x_wconf 82' lang='lat' dir='ltr'><em>demonstrat</em></span> <span class='ocrx_word' id='word_1_77' title='bbox 893 886 982 913; x_wconf 80' lang='lat' dir='ltr'><strong>esse</strong></span> <span class='ocrx_word' id='word_1_78' title='bbox 1014 870 1287 927; x_wconf 79' lang='lat' dir='ltr'><em>(aquarium)</em></span> <span class='ocrx_word' id='word_1_79' title='bbox 1300 904 1313 924; x_wconf 85' lang='lat'>,</span> <span class='ocrx_word' id='word_1_80' title='bbox 1350 879 1541 931; x_wconf 64' lang='lat' dir='ltr'><em>antique·-</em></span> 
     </span>
     <span class='ocr_line' id='line_1_12' title="bbox 66 944 1542 998; baseline 0.003 -14"><span class='ocrx_word' id='word_1_81' title='bbox 66 948 201 985; x_wconf 81' lang='lat' dir='ltr'><strong>tatem</strong></span> <span class='ocrx_word' id='word_1_82' title='bbox 235 945 404 998; x_wconf 81' lang='lat' dir='ltr'><em>generis</em></span> <span class='ocrx_word' id='word_1_83' title='bbox 444 956 767 984; x_wconf 80' lang='lat' dir='ltr'><em>commemorans</em></span> <span class='ocrx_word' id='word_1_84' title='bbox 807 948 851 985; x_wconf 81' lang='lat' dir='ltr'><em>et</em></span> <span class='ocrx_word' id='word_1_85' title='bbox 889 944 1111 984; x_wconf 71' lang='lat' dir='ltr'><em>ostenderas</em></span> <span class='ocrx_word' id='word_1_86' title='bbox 1142 949 1369 998; x_wconf 79' lang='lat' dir='ltr'><em>antequam</em></span> <span class='ocrx_word' id='word_1_87' title='bbox 1398 949 1542 989; x_wconf 75' lang='lat' dir='ltr'><em>vinum</em></span> 
     </span>
     <span class='ocr_line' id='line_1_13' title="bbox 65 1014 1540 1069; baseline 0.003 -14"><span class='ocrx_word' id='word_1_88' title='bbox 65 1015 272 1055; x_wconf 79' lang='lat' dir='ltr'><em>traditum</em></span> <span class='ocrx_word' id='word_1_89' title='bbox 314 1015 374 1054; x_wconf 79' lang='lat' dir='ltr'><em>sit</em></span> <span class='ocrx_word' id='word_1_90' title='bbox 416 1014 674 1063; x_wconf 78' lang='lat' dir='ltr'><em>hominibus,</em></span> <span class='ocrx_word' id='word_1_91' title='bbox 714 1028 826 1069; x_wconf 84' lang='lat' dir='ltr'><em>aqua</em></span> <span class='ocrx_word' id='word_1_92' title='bbox 870 1016 920 1055; x_wconf 79' lang='lat' dir='ltr'><em>in</em></span> <span class='ocrx_word' id='word_1_93' title='bbox 961 1015 1188 1067; x_wconf 74' lang='lat' dir='ltr'><em>sacrzficiis</em></span> <span class='ocrx_word' id='word_1_94' title='bbox 1235 1016 1407 1057; x_wconf 80' lang='lat' dir='ltr'><strong>deorum</strong></span> <span class='ocrx_word' id='word_1_95' title='bbox 1444 1032 1540 1060; x_wconf 81' lang='lat' dir='ltr'><strong>usos</strong></span> 
     </span>
     <span class='ocr_line' id='line_1_14' title="bbox 69 1083 1540 1139; baseline 0.005 -14"><span class='ocrx_word' id='word_1_96' title='bbox 69 1098 183 1134; x_wconf 83' lang='lat' dir='ltr'><strong>esse,</strong></span> <span class='ocrx_word' id='word_1_97' title='bbox 211 1091 254 1125; x_wconf 80' lang='lat' dir='ltr'><em>et</em></span> <span class='ocrx_word' id='word_1_98' title='bbox 283 1089 384 1124; x_wconf 85' lang='lat' dir='ltr'><em>ante</em></span> <span class='ocrx_word' id='word_1_99' title='bbox 419 1083 637 1137; x_wconf 81' lang='lat' dir='ltr'><em>Cecropem</em></span> <span class='ocrx_word' id='word_1_100' title='bbox 664 1098 864 1138; x_wconf 76' lang='lat' dir='ltr'><em>regnasse</em></span> <span class='ocrx_word' id='word_1_101' title='bbox 894 1099 1018 1139; x_wconf 83' lang='lat' dir='ltr'><em>quam</em></span> <span class='ocrx_word' id='word_1_102' title='bbox 1048 1086 1195 1125; x_wconf 80' lang='lat' dir='ltr'><em>vinum</em></span> <span class='ocrx_word' id='word_1_103' title='bbox 1219 1087 1279 1126; x_wconf 80' lang='lat' dir='ltr'><em>sit</em></span> <span class='ocrx_word' id='word_1_104' title='bbox 1310 1088 1540 1132; x_wconf 80' lang='lat' dir='ltr'><em>inventum.</em></span> 
     </span>
     <span class='ocr_line' id='line_1_15' title="bbox 69 1155 1393 1203; baseline 0.004 -7"><span class='ocrx_word' id='word_1_105' title='bbox 69 1155 116 1196; x_wconf 88' lang='lat' dir='ltr'><em>Si</em></span> <span class='ocrx_word' id='word_1_106' title='bbox 145 1159 283 1198; x_wconf 77' lang='lat' dir='ltr'><strong>tamen</strong></span> <span class='ocrx_word' id='word_1_107' title='bbox 312 1156 418 1197; x_wconf 80' lang='lat' dir='ltr'><strong>haec</strong></span> <span class='ocrx_word' id='word_1_108' title='bbox 446 1160 561 1197; x_wconf 87' lang='lat' dir='ltr'><strong>recte</strong></span> <span class='ocrx_word' id='word_1_109' title='bbox 590 1155 643 1196; x_wconf 74' lang='lat' dir='ltr'><em>nd</em></span> <span class='ocrx_word' id='word_1_110' title='bbox 673 1156 882 1197; x_wconf 85' lang='lat' dir='ltr'><strong>Eubulum</strong></span> <span class='ocrx_word' id='word_1_111' title='bbox 911 1155 1112 1203; x_wconf 84' lang='lat' dir='ltr'><strong>comicum</strong></span> <span class='ocrx_word' id='word_1_112' title='bbox 1142 1157 1393 1201; x_wconf 77' lang='lat' dir='ltr'><strong>rettulimus.</strong></span> 
     </span>
    </p>
   </div>
   <div class='ocr_carea' id='block_1_3' title="bbox 175 1240 1414 1550">
    <p class='ocr_par' dir='ltr' id='par_1_4' title="bbox 175 1240 1414 1550">
     <span class='ocr_line' id='line_1_16' title="bbox 761 1240 856 1281; baseline 0 0"><span class='ocrx_word' id='word_1_113' title='bbox 761 1240 856 1281; x_wconf 88' lang='lat' dir='ltr'><em>XII.</em></span> 
     </span>
     <span class='ocr_line' id='line_1_17' title="bbox 177 1317 1245 1374; baseline 0.004 -10"><span class='ocrx_word' id='word_1_114' title='bbox 177 1322 236 1367; x_wconf 90' lang='lat' dir='ltr'><em>A.</em></span> <span class='ocrx_word' id='word_1_115' title='bbox 272 1321 353 1372; x_wconf 78' lang='grc' dir='ltr'><em>Θές</em></span> <span class='ocrx_word' id='word_1_116' title='bbox 379 1317 664 1366; x_wconf 77' lang='grc' dir='ltr'><em>ἑπτάκλινον..</em></span> <span class='ocrx_word' id='word_1_117' title='bbox 705 1320 763 1366; x_wconf 94' lang='grc' dir='ltr'><em>Β.</em></span> <span class='ocrx_word' id='word_1_118' title='bbox 792 1317 1046 1374; x_wconf 78' lang='grc' dir='ltr'><em>ἑπτάκλινος</em></span> <span class='ocrx_word' id='word_1_119' title='bbox 1075 1321 1245 1368; x_wconf 81' lang='grc' dir='ltr'><em>οὑτοσί,</em></span> 
     </span>
     <span class='ocr_line' id='line_1_18' title="bbox 179 1403 1414 1465; baseline 0.002 -15"><span class='ocrx_word' id='word_1_120' title='bbox 179 1407 239 1452; x_wconf 91' lang='lat' dir='ltr'><em>A.</em></span> <span class='ocrx_word' id='word_1_121' title='bbox 268 1406 342 1449; x_wconf 80' lang='grc' dir='ltr'><em>καὶ</em></span> <span class='ocrx_word' id='word_1_122' title='bbox 372 1406 500 1450; x_wconf 84' lang='grc' dir='ltr'><em>πέντε</em></span> <span class='ocrx_word' id='word_1_123' title='bbox 526 1403 678 1457; x_wconf 84' lang='grc' dir='ltr'><em>κλίνας</em></span> <span class='ocrx_word' id='word_1_124' title='bbox 705 1404 946 1458; x_wconf 86' lang='grc' dir='ltr'><em>Σικελικάς.</em></span> <span class='ocrx_word' id='word_1_125' title='bbox 1006 1408 1065 1452; x_wconf 93' lang='grc' dir='ltr'><em>Β.</em></span> <span class='ocrx_word' id='word_1_126' title='bbox 1095 1406 1189 1465; x_wconf 82' lang='grc' dir='ltr'><em>λέγ’</em></span> <span class='ocrx_word' id='word_1_127' title='bbox 1219 1406 1329 1452; x_wconf 79' lang='grc' dir='ltr'><em>ἄλλο</em></span> <span class='ocrx_word' id='word_1_128' title='bbox 1356 1423 1414 1455; x_wconf 85' lang='grc' dir='ltr'><em>τι.</em></span> 
     </span>
     <span class='ocr_line' id='line_1_19' title="bbox 175 1488 1005 1550; baseline 0 -14"><span class='ocrx_word' id='word_1_129' title='bbox 175 1492 235 1536; x_wconf 87' lang='lat' dir='ltr'><em>A.</em></span> <span class='ocrx_word' id='word_1_130' title='bbox 264 1490 470 1535; x_wconf 85' lang='grc' dir='ltr'><em>Σικελικὰ</em></span> <span class='ocrx_word' id='word_1_131' title='bbox 499 1488 835 1550; x_wconf 71' lang='grc' dir='ltr'><em>προσκεφάλαια</em></span> <span class='ocrx_word' id='word_1_132' title='bbox 865 1493 1005 1537; x_wconf 84' lang='grc' dir='ltr'><em>πέντε.</em></span> 
     </span>
    </p>
   </div>
   <div class='ocr_carea' id='block_1_4' title="bbox 28 1569 1567 2768">
    <p class='ocr_par' dir='ltr' id='par_1_5' title="bbox 28 1569 1545 2061">
     <span class='ocr_line' id='line_1_20' title="bbox 178 1569 1543 1634; baseline 0 -12"><span class='ocrx_word' id='word_1_133' title='bbox 178 1580 418 1624; x_wconf 78' lang='lat' dir='ltr'><em>Athenaeus</em></span> <span class='ocrx_word' id='word_1_134' title='bbox 449 1580 487 1621; x_wconf 91' lang='lat'><em>11</em></span> <span class='ocrx_word' id='word_1_135' title='bbox 518 1594 559 1633; x_wconf 81' lang='lat' dir='ltr'><em>p.</em></span> <span class='ocrx_word' id='word_1_136' title='bbox 590 1580 646 1620; x_wconf 80' lang='lat'><em>47</em></span> <span class='ocrx_word' id='word_1_137' title='bbox 665 1579 705 1620; x_wconf 83' lang='lat' dir='ltr'><em>f:</em></span> <span class='ocrx_word' id='word_1_138' title='bbox 750 1571 820 1620; x_wconf 74' lang='grc' dir='ltr'><em>ὅτι</em></span> <span class='ocrx_word' id='word_1_139' title='bbox 864 1577 911 1620; x_wconf 79' lang='grc' dir='ltr'><em>δὲ</em></span> <span class='ocrx_word' id='word_1_140' title='bbox 955 1579 1031 1621; x_wconf 86' lang='grc' dir='ltr'><em>καὶ</em></span> <span class='ocrx_word' id='word_1_141' title='bbox 1069 1575 1279 1634; x_wconf 82' lang='grc' dir='ltr'><em>τρίκλινοι</em></span> <span class='ocrx_word' id='word_1_142' title='bbox 1317 1569 1428 1621; x_wconf 80' lang='grc' dir='ltr'><em>οἶκοι</em></span> <span class='ocrx_word' id='word_1_143' title='bbox 1466 1580 1543 1622; x_wconf 88' lang='grc' dir='ltr'><em>καὶ</em></span> 
     </span>
     <span class='ocr_line' id='line_1_21' title="bbox 28 1644 1543 1708; baseline 0.003 -18"><span class='ocrx_word' id='word_1_144' title='bbox 28 1652 33 1658; x_wconf 81' lang='lat'><strong><em>‘</em></strong></span> <span class='ocrx_word' id='word_1_145' title='bbox 71 1644 337 1704; x_wconf 81' lang='grc' dir='ltr'><em>τετράκλινοι</em></span> <span class='ocrx_word' id='word_1_146' title='bbox 386 1649 462 1690; x_wconf 86' lang='grc' dir='ltr'><em>καὶ</em></span> <span class='ocrx_word' id='word_1_147' title='bbox 503 1644 752 1690; x_wconf 77' lang='grc' dir='ltr'><em>ἑπτάκλινοι</em></span> <span class='ocrx_word' id='word_1_148' title='bbox 788 1649 864 1691; x_wconf 86' lang='grc' dir='ltr'><em>καὶ</em></span> <span class='ocrx_word' id='word_1_149' title='bbox 901 1648 1015 1691; x_wconf 82' lang='grc' dir='ltr'><em>κατὰ</em></span> <span class='ocrx_word' id='word_1_150' title='bbox 1051 1648 1153 1700; x_wconf 81' lang='grc' dir='ltr'><em>τοὺς</em></span> <span class='ocrx_word' id='word_1_151' title='bbox 1189 1649 1284 1703; x_wconf 73' lang='grc' dir='ltr'><em>ἑξῆς</em></span> <span class='ocrx_word' id='word_1_152' title='bbox 1319 1649 1543 1708; x_wconf 79' lang='grc' dir='ltr'><em>ἀριθμοὺς</em></span> 
     </span>
     <span class='ocr_line' id='line_1_22' title="bbox 69 1710 1542 1777; baseline 0.003 -15"><span class='ocrx_word' id='word_1_153' title='bbox 69 1710 185 1772; x_wconf 69' lang='grc' dir='ltr'><em>ἦσαν</em></span> <span class='ocrx_word' id='word_1_154' title='bbox 213 1717 335 1777; x_wconf 80' lang='grc' dir='ltr'><em>παρὰ</em></span> <span class='ocrx_word' id='word_1_155' title='bbox 364 1719 454 1769; x_wconf 85' lang='grc' dir='ltr'><em>τοῖς</em></span> <span class='ocrx_word' id='word_1_156' title='bbox 484 1719 705 1769; x_wconf 83' lang='grc' dir='ltr'><em>παλαιοῖς.</em></span> <span class='ocrx_word' id='word_1_157' title='bbox 735 1717 1035 1774; x_wconf 78' lang='grc' dir='ltr'><em>-Εὕβουλος</em></span> <span class='ocrx_word' id='word_1_158' title='bbox 1056 1720 1136 1771; x_wconf 78' lang='grc' dir='ltr'><em>Θὲς</em></span> <span class='ocrx_word' id='word_1_159' title='bbox 1165 1719 1424 1764; x_wconf 78' lang='grc' dir='ltr'><em>ἑπτάκλινον</em></span> <span class='ocrx_word' id='word_1_160' title='bbox 1451 1725 1542 1770; x_wconf 87' lang='grc' dir='ltr'><em>κτλ.</em></span> 
     </span>
     <span class='ocr_line' id='line_1_23' title="bbox 66 1793 1543 1847; baseline 0.003 -12"><span class='ocrx_word' id='word_1_161' title='bbox 66 1795 133 1836; x_wconf 82' lang='lat' dir='ltr'><em>Ex</em></span> <span class='ocrx_word' id='word_1_162' title='bbox 158 1793 300 1835; x_wconf 86' lang='lat' dir='ltr'><strong>eadem</strong></span> <span class='ocrx_word' id='word_1_163' title='bbox 329 1793 496 1833; x_wconf 73' lang='lat' dir='ltr'><strong>fabulae</strong></span> <span class='ocrx_word' id='word_1_164' title='bbox 524 1806 649 1834; x_wconf 79' lang='lat' dir='ltr'><strong>scena</strong></span> <span class='ocrx_word' id='word_1_165' title='bbox 678 1793 806 1846; x_wconf 80' lang='lat' dir='ltr'><strong>petita</strong></span> <span class='ocrx_word' id='word_1_166' title='bbox 837 1807 928 1834; x_wconf 86' lang='lat' dir='ltr'><strong>esse</strong></span> <span class='ocrx_word' id='word_1_167' title='bbox 958 1795 1150 1835; x_wconf 83' lang='lat' dir='ltr'><strong>videntur</strong></span> <span class='ocrx_word' id='word_1_168' title='bbox 1179 1808 1284 1847; x_wconf 83' lang='lat' dir='ltr'><strong>quae</strong></span> <span class='ocrx_word' id='word_1_169' title='bbox 1301 1797 1543 1839; x_wconf 84' lang='lat' dir='ltr'><strong>Athenaeus</strong></span> 
     </span>
     <span class='ocr_line' id='line_1_24' title="bbox 71 1860 1545 1922; baseline 0.001 -16"><span class='ocrx_word' id='word_1_170' title='bbox 71 1864 111 1906; x_wconf 87' lang='lat'><em>11</em></span> <span class='ocrx_word' id='word_1_171' title='bbox 139 1878 180 1918; x_wconf 84' lang='lat' dir='ltr'><em>p.</em></span> <span class='ocrx_word' id='word_1_172' title='bbox 209 1865 263 1905; x_wconf 82' lang='lat'><em>49</em></span> <span class='ocrx_word' id='word_1_173' title='bbox 282 1878 319 1905; x_wconf 89' lang='lat' dir='ltr'><em>e.</em></span> <span class='ocrx_word' id='word_1_174' title='bbox 350 1863 551 1913; x_wconf 74' lang='lat' dir='ltr'><strong>servavit,</strong></span> <span class='ocrx_word' id='word_1_175' title='bbox 588 1865 659 1904; x_wconf 83' lang='lat' dir='ltr'><em>ubi</em></span> <span class='ocrx_word' id='word_1_176' title='bbox 689 1865 742 1905; x_wconf 88' lang='lat' dir='ltr'><em>de</em></span> <span class='ocrx_word' id='word_1_177' title='bbox 772 1865 1005 1918; x_wconf 83' lang='lat' dir='ltr'><strong>tripodibus</strong></span> <span class='ocrx_word' id='word_1_178' title='bbox 1035 1866 1139 1918; x_wconf 80' lang='lat' dir='ltr'><strong>agit:</strong></span> <span class='ocrx_word' id='word_1_179' title='bbox 1178 1860 1403 1918; x_wconf 72' lang='grc' dir='ltr'><em>Εὔβουλος</em></span> <span class='ocrx_word' id='word_1_180' title='bbox 1440 1864 1545 1922; x_wconf 54' lang='lat'><em>&#39;1222&#39;-</em></span> 
     </span>
     <span class='ocr_line' id='line_1_25' title="bbox 70 1924 1544 1993; baseline 0.003 -18"><span class='ocrx_word' id='word_1_181' title='bbox 70 1933 198 1983; x_wconf 85' lang='grc' dir='ltr'><em>ποδες</em></span> <span class='ocrx_word' id='word_1_182' title='bbox 226 1924 349 1975; x_wconf 75' lang='grc' dir='ltr'><em>οὗτοι</em></span> <span class='ocrx_word' id='word_1_183' title='bbox 379 1932 504 1974; x_wconf 83' lang='grc' dir='ltr'><em>πέντε</em></span> <span class='ocrx_word' id='word_1_184' title='bbox 534 1947 606 1974; x_wconf 91' lang='grc' dir='ltr'><em>σοι</em></span> <span class='ocrx_word' id='word_1_185' title='bbox 634 1934 710 1974; x_wconf 90' lang='grc' dir='ltr'><em>καὶ</em></span> <span class='ocrx_word' id='word_1_186' title='bbox 740 1934 878 1976; x_wconf 88' lang='grc' dir='ltr'><em>πέντε.</em></span> <span class='ocrx_word' id='word_1_187' title='bbox 934 1933 992 1976; x_wconf 92' lang='grc' dir='ltr'><em>Β.</em></span> <span class='ocrx_word' id='word_1_188' title='bbox 1035 1933 1436 1992; x_wconf 74' lang='grc' dir='ltr'><em>πεντηκοστολόγος</em></span> <span class='ocrx_word' id='word_1_189' title='bbox 1474 1952 1544 1993; x_wconf 80' lang='grc' dir='ltr'><em>γε·-</em></span> 
     </span>
     <span class='ocr_line' id='line_1_26' title="bbox 73 2002 1178 2061; baseline 0.002 -15"><span class='ocrx_word' id='word_1_190' title='bbox 73 2002 278 2060; x_wconf 81' lang='grc' dir='ltr'><em>νήσομαι.</em></span> <span class='ocrx_word' id='word_1_191' title='bbox 336 2008 453 2059; x_wconf 77' lang='lat' dir='ltr'><strong>Quae</strong></span> <span class='ocrx_word' id='word_1_192' title='bbox 482 2006 574 2046; x_wconf 84' lang='lat' dir='ltr'><strong>vide</strong></span> <span class='ocrx_word' id='word_1_193' title='bbox 604 2020 654 2047; x_wconf 79' lang='lat' dir='ltr'><em>an</em></span> <span class='ocrx_word' id='word_1_194' title='bbox 685 2008 742 2048; x_wconf 83' lang='lat' dir='ltr'><em>ita</em></span> <span class='ocrx_word' id='word_1_195' title='bbox 773 2008 967 2061; x_wconf 82' lang='lat' dir='ltr'><strong>coniungi</strong></span> <span class='ocrx_word' id='word_1_196' title='bbox 996 2008 1178 2061; x_wconf 82' lang='lat' dir='ltr'><em>possint:</em></span> 
     </span>
    </p>

    <p class='ocr_par' dir='ltr' id='par_1_6' title="bbox 183 2071 1256 2126">
     <span class='ocr_line' id='line_1_27' title="bbox 183 2071 1256 2126; baseline 0 -9"><span class='ocrx_word' id='word_1_197' title='bbox 183 2074 242 2117; x_wconf 89' lang='lat' dir='ltr'><em>A.</em></span> <span class='ocrx_word' id='word_1_198' title='bbox 277 2073 357 2123; x_wconf 79' lang='grc' dir='ltr'><em>Θὲς</em></span> <span class='ocrx_word' id='word_1_199' title='bbox 386 2071 659 2119; x_wconf 78' lang='grc' dir='ltr'><em>ἑπτάκλινον.</em></span> <span class='ocrx_word' id='word_1_200' title='bbox 717 2075 775 2119; x_wconf 96' lang='grc' dir='ltr'><em>Β.</em></span> <span class='ocrx_word' id='word_1_201' title='bbox 807 2071 1060 2126; x_wconf 72' lang='grc' dir='ltr'><em>ἑπτάκλινος</em></span> <span class='ocrx_word' id='word_1_202' title='bbox 1090 2073 1256 2118; x_wconf 81' lang='grc' dir='ltr'><em>οὑτοσί.</em></span> 
     </span>
    </p>

    <p class='ocr_par' dir='ltr' id='par_1_7' title="bbox 114 2138 1411 2200">
     <span class='ocr_line' id='line_1_28' title="bbox 114 2138 1411 2200; baseline 0.002 -13"><span class='ocrx_word' id='word_1_203' title='bbox 114 2138 118 2141; x_wconf 51' lang='grc'><strong>’</strong></span> <span class='ocrx_word' id='word_1_204' title='bbox 182 2144 241 2187; x_wconf 89' lang='lat' dir='ltr'><em>A.</em></span> <span class='ocrx_word' id='word_1_205' title='bbox 268 2145 340 2186; x_wconf 83' lang='grc' dir='ltr'><em>καὶ</em></span> <span class='ocrx_word' id='word_1_206' title='bbox 372 2145 496 2187; x_wconf 85' lang='grc' dir='ltr'><em>πέντε</em></span> <span class='ocrx_word' id='word_1_207' title='bbox 527 2144 679 2195; x_wconf 84' lang='grc' dir='ltr'><em>κλίνας</em></span> <span class='ocrx_word' id='word_1_208' title='bbox 707 2143 948 2196; x_wconf 82' lang='grc' dir='ltr'><em>Σικελικάς.</em></span> <span class='ocrx_word' id='word_1_209' title='bbox 1005 2146 1063 2190; x_wconf 87' lang='grc' dir='ltr'><em>Β.</em></span> <span class='ocrx_word' id='word_1_210' title='bbox 1094 2145 1187 2200; x_wconf 82' lang='grc' dir='ltr'><em>λέγ’</em></span> <span class='ocrx_word' id='word_1_211' title='bbox 1217 2144 1325 2187; x_wconf 78' lang='grc' dir='ltr'><em>ἄλλο</em></span> <span class='ocrx_word' id='word_1_212' title='bbox 1356 2161 1411 2191; x_wconf 85' lang='grc' dir='ltr'><em>τι.</em></span> 
     </span>
    </p>

    <p class='ocr_par' dir='ltr' id='par_1_8' title="bbox 184 2214 1443 2275">
     <span class='ocr_line' id='line_1_29' title="bbox 184 2214 1443 2275; baseline 0.002 -17"><span class='ocrx_word' id='word_1_213' title='bbox 184 2215 244 2260; x_wconf 86' lang='lat' dir='ltr'><em>A.</em></span> <span class='ocrx_word' id='word_1_214' title='bbox 273 2215 478 2257; x_wconf 81' lang='grc' dir='ltr'><em>Σικελικὰ</em></span> <span class='ocrx_word' id='word_1_215' title='bbox 508 2214 843 2272; x_wconf 74' lang='grc' dir='ltr'><em>προσκεφάλαια</em></span> <span class='ocrx_word' id='word_1_216' title='bbox 875 2217 1016 2259; x_wconf 84' lang='grc' dir='ltr'><em>πέντε.</em></span> <span class='ocrx_word' id='word_1_217' title='bbox 1076 2216 1133 2260; x_wconf 89' lang='grc' dir='ltr'><em>Β.</em></span> <span class='ocrx_word' id='word_1_218' title='bbox 1164 2215 1254 2270; x_wconf 74' lang='grc' dir='ltr'><em>λέγ’</em></span> <span class='ocrx_word' id='word_1_219' title='bbox 1287 2216 1443 2275; x_wconf 77' lang='grc' dir='ltr'><em>ἕτερον.</em></span> 
     </span>
    </p>

    <p class='ocr_par' dir='ltr' id='par_1_9' title="bbox 78 2280 1567 2768">
     <span class='ocr_line' id='line_1_30' title="bbox 187 2280 1513 2344; baseline 0.004 -16"><span class='ocrx_word' id='word_1_220' title='bbox 187 2286 246 2331; x_wconf 92' lang='lat' dir='ltr'><em>A.</em></span> <span class='ocrx_word' id='word_1_221' title='bbox 275 2282 351 2328; x_wconf 79' lang='grc' dir='ltr'><em>καὶ</em></span> <span class='ocrx_word' id='word_1_222' title='bbox 376 2287 501 2329; x_wconf 82' lang='grc' dir='ltr'><em>πέντε</em></span> <span class='ocrx_word' id='word_1_223' title='bbox 533 2285 760 2344; x_wconf 84' lang='grc' dir='ltr'><em>τρίποδας.</em></span> <span class='ocrx_word' id='word_1_224' title='bbox 816 2287 872 2331; x_wconf 91' lang='grc' dir='ltr'><em>Β.</em></span> <span class='ocrx_word' id='word_1_225' title='bbox 890 2285 1091 2344; x_wconf 80' lang='grc' dir='ltr'><em>τρίποδες</em></span> <span class='ocrx_word' id='word_1_226' title='bbox 1119 2280 1241 2329; x_wconf 79' lang='grc' dir='ltr'><em>οὗτοι</em></span> <span class='ocrx_word' id='word_1_227' title='bbox 1271 2289 1395 2330; x_wconf 86' lang='grc' dir='ltr'><em>πέντε</em></span> <span class='ocrx_word' id='word_1_228' title='bbox 1428 2304 1513 2334; x_wconf 89' lang='grc' dir='ltr'><em>σοι.</em></span> 
     </span>
     <span class='ocr_line' id='line_1_31' title="bbox 171 2355 1435 2413; baseline 0.002 -15"><span class='ocrx_word' id='word_1_229' title='bbox 171 2356 246 2410; x_wconf 56' lang='lat' dir='ltr'><em>⁴A.</em></span> <span class='ocrx_word' id='word_1_230' title='bbox 274 2358 349 2398; x_wconf 85' lang='grc' dir='ltr'><em>καὶ</em></span> <span class='ocrx_word' id='word_1_231' title='bbox 379 2357 505 2399; x_wconf 86' lang='grc' dir='ltr'><em>πέντε</em></span> <span class='ocrx_word' id='word_1_232' title='bbox 536 2386 589 2393; x_wconf 82' lang='lat'>-</span> <span class='ocrx_word' id='word_1_233' title='bbox 647 2358 704 2401; x_wconf 86' lang='grc' dir='ltr'><em>Β.</em></span> <span class='ocrx_word' id='word_1_234' title='bbox 736 2355 1134 2412; x_wconf 84' lang='grc' dir='ltr'><em>πεντηκοστολόγος</em></span> <span class='ocrx_word' id='word_1_235' title='bbox 1164 2355 1435 2413; x_wconf 69' lang='grc' dir='ltr'><em>γενήσομαις</em></span> 
     </span>
     <span class='ocr_line' id='line_1_32' title="bbox 79 2427 1567 2486; baseline 0.004 -17"><span class='ocrx_word' id='word_1_236' title='bbox 79 2429 199 2481; x_wconf 76' lang='lat' dir='ltr'><strong>Quod</strong></span> <span class='ocrx_word' id='word_1_237' title='bbox 226 2443 348 2471; x_wconf 84' lang='lat' dir='ltr'><strong>versu</strong></span> <span class='ocrx_word' id='word_1_238' title='bbox 389 2431 511 2471; x_wconf 83' lang='lat' dir='ltr'><strong>tertio</strong></span> <span class='ocrx_word' id='word_1_239' title='bbox 549 2432 736 2484; x_wconf 68' lang='lat' dir='ltr'><strong>supplevi</strong></span> <span class='ocrx_word' id='word_1_240' title='bbox 765 2427 855 2484; x_wconf 71' lang='grc' dir='ltr'><em>λέγ’</em></span> <span class='ocrx_word' id='word_1_241' title='bbox 889 2430 1034 2486; x_wconf 73' lang='grc' dir='ltr'><em>ἕτερον</em></span> <span class='ocrx_word' id='word_1_242' title='bbox 1070 2432 1218 2472; x_wconf 82' lang='lat' dir='ltr'><strong>eodem</strong></span> <span class='ocrx_word' id='word_1_243' title='bbox 1249 2433 1372 2474; x_wconf 87' lang='lat' dir='ltr'><strong>modo</strong></span> <span class='ocrx_word' id='word_1_244' title='bbox 1402 2433 1444 2474; x_wconf 81' lang='lat' dir='ltr'><em>in</em></span> <span class='ocrx_word' id='word_1_245' title='bbox 1475 2436 1567 2475; x_wconf 46' lang='lat' dir='ltr'><em>va?</em></span> 
     </span>
     <span class='ocr_line' id='line_1_33' title="bbox 78 2499 1543 2558; baseline 0.003 -19"><span class='ocrx_word' id='word_1_246' title='bbox 78 2499 228 2540; x_wconf 79' lang='lat' dir='ltr'><strong>riarum</strong></span> <span class='ocrx_word' id='word_1_247' title='bbox 256 2512 393 2542; x_wconf 85' lang='lat' dir='ltr'><strong>rerum</strong></span> <span class='ocrx_word' id='word_1_248' title='bbox 422 2514 596 2542; x_wconf 84' lang='lat' dir='ltr'><strong>recensu</strong></span> <span class='ocrx_word' id='word_1_249' title='bbox 627 2503 764 2555; x_wconf 81' lang='lat' dir='ltr'><strong>posuit</strong></span> <span class='ocrx_word' id='word_1_250' title='bbox 793 2504 932 2545; x_wconf 78' lang='lat' dir='ltr'><strong>Alexis</strong></span> <span class='ocrx_word' id='word_1_251' title='bbox 961 2501 1213 2555; x_wconf 85' lang='grc' dir='ltr'><em>Λπεγλαυκ.</em></span> <span class='ocrx_word' id='word_1_252' title='bbox 1244 2503 1409 2558; x_wconf 81' lang='lat' dir='ltr'>Fragm.</span> <span class='ocrx_word' id='word_1_253' title='bbox 1429 2506 1462 2555; x_wconf 92' lang='lat'><em>1,</em></span> <span class='ocrx_word' id='word_1_254' title='bbox 1492 2506 1543 2545; x_wconf 83' lang='lat'><em>4:</em></span> 
     </span>
     <span class='ocr_line' id='line_1_34' title="bbox 81 2562 1543 2628; baseline 0.007 -22"><span class='ocrx_word' id='word_1_255' title='bbox 81 2562 172 2607; x_wconf 80' lang='grc' dir='ltr'><em>ἔστ’</em></span> <span class='ocrx_word' id='word_1_256' title='bbox 202 2563 466 2626; x_wconf 78' lang='grc' dir='ltr'><em>ὠμοτάριχος</em></span> <span class='ocrx_word' id='word_1_257' title='bbox 495 2569 620 2612; x_wconf 86' lang='grc' dir='ltr'><em>πέντε</em></span> <span class='ocrx_word' id='word_1_258' title='bbox 646 2570 832 2626; x_wconf 77' lang='grc' dir='ltr'><em>χαλκῶν.</em></span> <span class='ocrx_word' id='word_1_259' title='bbox 873 2573 931 2617; x_wconf 83' lang='grc' dir='ltr'><em>Β.</em></span> <span class='ocrx_word' id='word_1_260' title='bbox 961 2570 1053 2627; x_wconf 69' lang='grc' dir='ltr'><em>λέγ’</em></span> <span class='ocrx_word' id='word_1_261' title='bbox 1086 2571 1244 2628; x_wconf 79' lang='grc' dir='ltr'><em>ἕτερον.</em></span> <span class='ocrx_word' id='word_1_262' title='bbox 1302 2576 1358 2616; x_wconf 81' lang='lat' dir='ltr'><em>Et</em></span> <span class='ocrx_word' id='word_1_263' title='bbox 1387 2588 1447 2617; x_wconf 85' lang='lat' dir='ltr'><em>vs.</em></span> <span class='ocrx_word' id='word_1_264' title='bbox 1468 2576 1543 2616; x_wconf 86' lang='lat'><em>15:</em></span> 
     </span>
     <span class='ocr_line' id='line_1_35' title="bbox 87 2632 1544 2700; baseline 0.009 -25"><span class='ocrx_word' id='word_1_265' title='bbox 87 2632 270 2690; x_wconf 86' lang='grc' dir='ltr'><em>γόγγρον</em></span> <span class='ocrx_word' id='word_1_266' title='bbox 311 2637 402 2681; x_wconf 75' lang='grc' dir='ltr'><em>δέκ’</em></span> <span class='ocrx_word' id='word_1_267' title='bbox 433 2636 615 2695; x_wconf 75' lang='grc' dir='ltr'><em>ὀβολῶν.</em></span> <span class='ocrx_word' id='word_1_268' title='bbox 673 2642 731 2685; x_wconf 88' lang='grc' dir='ltr'><em>Β,</em></span> <span class='ocrx_word' id='word_1_269' title='bbox 760 2640 857 2698; x_wconf 80' lang='grc' dir='ltr'><em>οὐχὶ</em></span> <span class='ocrx_word' id='word_1_270' title='bbox 895 2643 1083 2685; x_wconf 83' lang='grc' dir='ltr'><em>πολλοῦ·</em></span> <span class='ocrx_word' id='word_1_271' title='bbox 1121 2639 1211 2699; x_wconf 80' lang='grc' dir='ltr'><em>λέγ’</em></span> <span class='ocrx_word' id='word_1_272' title='bbox 1244 2643 1401 2700; x_wconf 76' lang='grc' dir='ltr'><em>ἕτερον.</em></span> <span class='ocrx_word' id='word_1_273' title='bbox 1461 2648 1544 2688; x_wconf 83' lang='lat' dir='ltr'><em>Vo-</em></span> 
     </span>
     <span class='ocr_line' id='line_1_36' title="bbox 88 2709 1515 2768; baseline 0.007 -20"><span class='ocrx_word' id='word_1_274' title='bbox 88 2713 178 2749; x_wconf 84' lang='lat' dir='ltr'><em>cem</em></span> <span class='ocrx_word' id='word_1_275' title='bbox 207 2709 597 2768; x_wconf 76' lang='grc' dir='ltr'><em>πεντηκοστολόγος</em></span> <span class='ocrx_word' id='word_1_276' title='bbox 626 2728 676 2758; x_wconf 79' lang='lat' dir='ltr'><em>ex</em></span> <span class='ocrx_word' id='word_1_277' title='bbox 709 2716 990 2760; x_wconf 80' lang='lat' dir='ltr'><strong>Demosthene</strong></span> <span class='ocrx_word' id='word_1_278' title='bbox 1020 2718 1142 2762; x_wconf 77' lang='lat' dir='ltr'><strong>affert</strong></span> <span class='ocrx_word' id='word_1_279' title='bbox 1172 2718 1319 2761; x_wconf 81' lang='lat' dir='ltr'><strong>Pollux</strong></span> <span class='ocrx_word' id='word_1_280' title='bbox 1350 2718 1389 2760; x_wconf 92' lang='lat'><em>11</em></span> <span class='ocrx_word' id='word_1_281' title='bbox 1422 2718 1515 2759; x_wconf 70' lang='lat'><em>124.</em></span> 
     </span>
    </p>
   </div>
  </div>
 </body>
</html>
