<?xml version="1.0" encoding="UTF-8"?>
<!DOCTYPE html PUBLIC "-//W3C//DTD XHTML 1.0 Transitional//EN"
    "http://www.w3.org/TR/xhtml1/DTD/xhtml1-transitional.dtd">
<html xmlns="http://www.w3.org/1999/xhtml" xml:lang="en" lang="en">
 <head>
  <title>
</title>
<meta http-equiv="Content-Type" content="text/html;charset=utf-8" />
  <meta name='ocr-system' content='tesseract 3.04.00' />
  <meta name='ocr-capabilities' content='ocr_page ocr_carea ocr_par ocr_line ocrx_word'/>
</head>
<body>
  <div class='ocr_page' id='page_1' title='image "./fragmentacomicor03meinuoft_0338.png"; bbox 0 0 1702 3158; ppageno 0'>
   <div class='ocr_carea' id='block_1_1' title="bbox 233 171 1063 218">
    <p class='ocr_par' dir='ltr' id='par_1_1' title="bbox 233 171 1063 218">
     <span class='ocr_line' id='line_1_1' title="bbox 233 171 1063 218; baseline -0.005 0"><span class='ocrx_word' id='word_1_1' title='bbox 233 177 316 218; x_wconf 74' lang='lat'><em>830</em></span> <span class='ocrx_word' id='word_1_2' title='bbox 835 171 1063 214; x_wconf 81' lang='lat' dir='ltr'>EPHIPPI</span> 
     </span>
    </p>
   </div>
   <div class='ocr_carea' id='block_1_2' title="bbox 447 277 1321 754">
    <p class='ocr_par' dir='ltr' id='par_1_2' title="bbox 447 277 1321 754">
     <span class='ocr_line' id='line_1_2' title="bbox 507 277 1254 338; baseline -0.001 -14"><span class='ocrx_word' id='word_1_3' title='bbox 507 279 680 336; x_wconf 83' lang='grc' dir='ltr'><em>σαῦρος,</em></span> <span class='ocrx_word' id='word_1_4' title='bbox 708 277 847 335; x_wconf 85' lang='grc' dir='ltr'><em>φυκίς,</em></span> <span class='ocrx_word' id='word_1_5' title='bbox 877 278 1063 336; x_wconf 77' lang='grc' dir='ltr'><em>βρίγκος,</em></span> <span class='ocrx_word' id='word_1_6' title='bbox 1090 279 1254 338; x_wconf 80' lang='grc' dir='ltr'><em>τρίγλη,</em></span> 
     </span>
     <span class='ocr_line' id='line_1_3' title="bbox 506 360 1270 419; baseline 0 -13"><span class='ocrx_word' id='word_1_7' title='bbox 506 361 670 415; x_wconf 79' lang='grc' dir='ltr'><em>κόκκυξ,</em></span> <span class='ocrx_word' id='word_1_8' title='bbox 702 360 881 418; x_wconf 79' lang='grc' dir='ltr'><em>φάργος,</em></span> <span class='ocrx_word' id='word_1_9' title='bbox 907 361 1078 418; x_wconf 82' lang='grc' dir='ltr'><em>μύλλος,</em></span> <span class='ocrx_word' id='word_1_10' title='bbox 1107 363 1270 419; x_wconf 79' lang='grc' dir='ltr'><em>λεβίας,</em></span> 
     </span>
     <span class='ocr_line' id='line_1_4' title="bbox 447 440 1321 503; baseline 0.002 -16"><span class='ocrx_word' id='word_1_11' title='bbox 447 451 474 491; x_wconf 87' lang='grc'><strong>5</strong></span> <span class='ocrx_word' id='word_1_12' title='bbox 505 443 681 502; x_wconf 74' lang='grc' dir='ltr'><em>σπάρος,</em></span> <span class='ocrx_word' id='word_1_13' title='bbox 712 440 897 499; x_wconf 84' lang='grc' dir='ltr'><em>αἰολίας,</em></span> <span class='ocrx_word' id='word_1_14' title='bbox 927 445 1104 502; x_wconf 73' lang='grc' dir='ltr'><em>θρίττα,</em></span> <span class='ocrx_word' id='word_1_15' title='bbox 1130 445 1321 503; x_wconf 82' lang='grc' dir='ltr'><em>χελιδών,</em></span> 
     </span>
     <span class='ocr_line' id='line_1_5' title="bbox 508 528 1296 586; baseline 0.004 -16"><span class='ocrx_word' id='word_1_16' title='bbox 508 528 642 585; x_wconf 83' lang='grc' dir='ltr'><em>καρίς,</em></span> <span class='ocrx_word' id='word_1_17' title='bbox 671 528 836 579; x_wconf 82' lang='grc' dir='ltr'><em>τευθίς,</em></span> <span class='ocrx_word' id='word_1_18' title='bbox 866 529 1031 584; x_wconf 80' lang='grc' dir='ltr'><em>ψῆττα,</em></span> <span class='ocrx_word' id='word_1_19' title='bbox 1060 530 1296 586; x_wconf 80' lang='grc' dir='ltr'><em>δρακαινίς,</em></span> 
     </span>
     <span class='ocr_line' id='line_1_6' title="bbox 500 609 1201 670; baseline 0.001 -16"><span class='ocrx_word' id='word_1_20' title='bbox 500 609 827 665; x_wconf 78' lang='grc' dir='ltr'><em>πουλυπόδειον,</em></span> <span class='ocrx_word' id='word_1_21' title='bbox 859 611 1011 666; x_wconf 87' lang='grc' dir='ltr'><em>σηπία,</em></span> <span class='ocrx_word' id='word_1_22' title='bbox 1042 613 1201 670; x_wconf 74' lang='grc' dir='ltr'><em>ὀρᾳῶς,</em></span> 
     </span>
     <span class='ocr_line' id='line_1_7' title="bbox 500 692 1302 754; baseline 0.005 -17"><span class='ocrx_word' id='word_1_23' title='bbox 500 692 671 750; x_wconf 79' lang='grc' dir='ltr'><em>κωβιός,</em></span> <span class='ocrx_word' id='word_1_24' title='bbox 702 693 856 751; x_wconf 81' lang='grc' dir='ltr'><em>ἀφύαι,</em></span> <span class='ocrx_word' id='word_1_25' title='bbox 886 694 1075 750; x_wconf 78' lang='grc' dir='ltr'><em>βελόναι,</em></span> <span class='ocrx_word' id='word_1_26' title='bbox 1103 698 1302 754; x_wconf 85' lang='grc' dir='ltr'><em>κεστρεῖς.</em></span> 
     </span>
    </p>
   </div>
   <div class='ocr_carea' id='block_1_3' title="bbox 218 803 1697 1622">
    <p class='ocr_par' dir='ltr' id='par_1_3' title="bbox 218 803 1697 1622">
     <span class='ocr_line' id='line_1_8' title="bbox 335 803 1669 862; baseline 0.001 -15"><span class='ocrx_word' id='word_1_27' title='bbox 335 807 571 850; x_wconf 75' lang='lat' dir='ltr'>Athenaeus</span> <span class='ocrx_word' id='word_1_28' title='bbox 600 810 680 851; x_wconf 87' lang='grc' dir='ltr'><em>νΠ</em></span> <span class='ocrx_word' id='word_1_29' title='bbox 706 823 747 862; x_wconf 86' lang='lat' dir='ltr'><em>p.</em></span> <span class='ocrx_word' id='word_1_30' title='bbox 776 809 928 849; x_wconf 79' lang='lat' dir='ltr'><strong>322d=</strong></span> <span class='ocrx_word' id='word_1_31' title='bbox 955 803 1172 862; x_wconf 77' lang='grc' dir='ltr'><em>Ἔφιππος</em></span> <span class='ocrx_word' id='word_1_32' title='bbox 1202 806 1253 848; x_wconf 76' lang='grc' dir='ltr'><em>δ’</em></span> <span class='ocrx_word' id='word_1_33' title='bbox 1285 808 1331 849; x_wconf 80' lang='grc' dir='ltr'><em>ἐν</em></span> <span class='ocrx_word' id='word_1_34' title='bbox 1361 804 1536 849; x_wconf 83' lang='grc' dir='ltr'><em>Κύδωνι</em></span> <span class='ocrx_word' id='word_1_35' title='bbox 1564 809 1669 849; x_wconf 84' lang='grc' dir='ltr'><em>πολ-</em></span> 
     </span>
     <span class='ocr_line' id='line_1_9' title="bbox 225 871 1668 932; baseline 0.002 -17"><span class='ocrx_word' id='word_1_36' title='bbox 225 873 312 916; x_wconf 78' lang='grc' dir='ltr'><em>λῶν</em></span> <span class='ocrx_word' id='word_1_37' title='bbox 337 876 411 916; x_wconf 85' lang='grc' dir='ltr'><em>καὶ</em></span> <span class='ocrx_word' id='word_1_38' title='bbox 439 873 582 916; x_wconf 77' lang='grc' dir='ltr'><em>ἄλλων</em></span> <span class='ocrx_word' id='word_1_39' title='bbox 606 871 777 930; x_wconf 75' lang='grc' dir='ltr'><em>ἰχθύων</em></span> <span class='ocrx_word' id='word_1_40' title='bbox 804 873 1048 930; x_wconf 82' lang='grc' dir='ltr'><em>κατάλογον</em></span> <span class='ocrx_word' id='word_1_41' title='bbox 1068 874 1322 932; x_wconf 84' lang='grc' dir='ltr'><em>ποιούμενος</em></span> <span class='ocrx_word' id='word_1_42' title='bbox 1350 878 1422 919; x_wconf 81' lang='grc' dir='ltr'><em>καὶ</em></span> <span class='ocrx_word' id='word_1_43' title='bbox 1451 876 1531 919; x_wconf 81' lang='grc' dir='ltr'><em>τοῦ</em></span> <span class='ocrx_word' id='word_1_44' title='bbox 1560 875 1668 919; x_wconf 86' lang='grc' dir='ltr'><em>σαύ-</em></span> 
     </span>
     <span class='ocr_line' id='line_1_10' title="bbox 223 942 1669 1000; baseline 0.002 -14"><span class='ocrx_word' id='word_1_45' title='bbox 223 959 302 1000; x_wconf 92' lang='grc' dir='ltr'><em>ρου</em></span> <span class='ocrx_word' id='word_1_46' title='bbox 326 942 584 999; x_wconf 77' lang='grc' dir='ltr'><em>μνημονεύει</em></span> <span class='ocrx_word' id='word_1_47' title='bbox 612 943 685 986; x_wconf 84' lang='grc' dir='ltr'><em>διὰ</em></span> <span class='ocrx_word' id='word_1_48' title='bbox 713 942 878 986; x_wconf 88' lang='grc' dir='ltr'><em>τούτων</em></span> <span class='ocrx_word' id='word_1_49' title='bbox 911 942 1079 987; x_wconf 87' lang='grc' dir='ltr'><em>Θύννου</em></span> <span class='ocrx_word' id='word_1_50' title='bbox 1105 946 1196 990; x_wconf 85' lang='grc' dir='ltr'><em>κτλ.</em></span> <span class='ocrx_word' id='word_1_51' title='bbox 1243 951 1346 990; x_wconf 85' lang='lat' dir='ltr'><em>Cum</em></span> <span class='ocrx_word' id='word_1_52' title='bbox 1374 949 1439 990; x_wconf 83' lang='lat' dir='ltr'><em>his</em></span> <span class='ocrx_word' id='word_1_53' title='bbox 1468 948 1669 990; x_wconf 83' lang='lat' dir='ltr'><strong>contende</strong></span> 
     </span>
     <span class='ocr_line' id='line_1_11' title="bbox 223 1017 1668 1071; baseline -0.001 -13"><span class='ocrx_word' id='word_1_54' title='bbox 223 1018 448 1058; x_wconf 83' lang='lat' dir='ltr'><strong>simillimos</strong></span> <span class='ocrx_word' id='word_1_55' title='bbox 488 1028 630 1057; x_wconf 80' lang='lat' dir='ltr'><strong>versus</strong></span> <span class='ocrx_word' id='word_1_56' title='bbox 666 1017 935 1058; x_wconf 83' lang='lat' dir='ltr'><strong>Mnesimachi</strong></span> <span class='ocrx_word' id='word_1_57' title='bbox 973 1018 1015 1058; x_wconf 90' lang='lat' dir='ltr'><em>in</em></span> <span class='ocrx_word' id='word_1_58' title='bbox 1052 1019 1355 1071; x_wconf 83' lang='lat' dir='ltr'><strong>Hippotropho.</strong></span> <span class='ocrx_word' id='word_1_59' title='bbox 1429 1018 1499 1060; x_wconf 83' lang='lat' dir='ltr'><em>Vs.</em></span> <span class='ocrx_word' id='word_1_60' title='bbox 1530 1019 1553 1057; x_wconf 93' lang='lat'>1</span> <span class='ocrx_word' id='word_1_61' title='bbox 1593 1029 1668 1069; x_wconf 82' lang='lat' dir='ltr'><em>pro</em></span> 
     </span>
     <span class='ocr_line' id='line_1_12' title="bbox 221 1080 1669 1140; baseline 0 -16"><span class='ocrx_word' id='word_1_62' title='bbox 221 1080 423 1138; x_wconf 74' lang='grc' dir='ltr'><em>γλάνιδος</em></span> <span class='ocrx_word' id='word_1_63' title='bbox 451 1087 522 1128; x_wconf 91' lang='lat' dir='ltr'><em>LV</em></span> <span class='ocrx_word' id='word_1_64' title='bbox 551 1081 766 1136; x_wconf 88' lang='grc' dir='ltr'><em>γλανίδος.</em></span> <span class='ocrx_word' id='word_1_65' title='bbox 795 1109 850 1118; x_wconf 79' lang='lat'><em>—-</em></span> <span class='ocrx_word' id='word_1_66' title='bbox 878 1087 950 1127; x_wconf 83' lang='lat' dir='ltr'><em>Vs.</em></span> <span class='ocrx_word' id='word_1_67' title='bbox 969 1087 996 1126; x_wconf 76' lang='lat'>2</span> <span class='ocrx_word' id='word_1_68' title='bbox 1023 1087 1117 1125; x_wconf 83' lang='lat' dir='ltr'>libri</span> <span class='ocrx_word' id='word_1_69' title='bbox 1145 1084 1334 1140; x_wconf 79' lang='grc' dir='ltr'><em>κεφαλῆς</em></span> <span class='ocrx_word' id='word_1_70' title='bbox 1361 1083 1528 1139; x_wconf 83' lang='grc' dir='ltr'><em>πέρκης.</em></span> <span class='ocrx_word' id='word_1_71' title='bbox 1567 1087 1669 1126; x_wconf 83' lang='lat' dir='ltr'>Cor-</span> 
     </span>
     <span class='ocr_line' id='line_1_13' title="bbox 221 1150 1668 1208; baseline -0.002 -12"><span class='ocrx_word' id='word_1_72' title='bbox 221 1156 327 1196; x_wconf 83' lang='lat' dir='ltr'><strong>rexit</strong></span> <span class='ocrx_word' id='word_1_73' title='bbox 354 1155 630 1195; x_wconf 75' lang='lat' dir='ltr'><strong>casaubonus.</strong></span> <span class='ocrx_word' id='word_1_74' title='bbox 677 1155 870 1194; x_wconf 81' lang='lat' dir='ltr'><strong>Fortasse</strong></span> <span class='ocrx_word' id='word_1_75' title='bbox 899 1157 1033 1194; x_wconf 82' lang='lat' dir='ltr'><strong>tamen</strong></span> <span class='ocrx_word' id='word_1_76' title='bbox 1062 1159 1242 1207; x_wconf 85' lang='lat' dir='ltr'><strong>praestat</strong></span> <span class='ocrx_word' id='word_1_77' title='bbox 1268 1150 1470 1208; x_wconf 77' lang='grc' dir='ltr'><em>κεφάλου,</em></span> <span class='ocrx_word' id='word_1_78' title='bbox 1501 1152 1668 1208; x_wconf 83' lang='grc' dir='ltr'><em>πέρκης.</em></span> 
     </span>
     <span class='ocr_line' id='line_1_14' title="bbox 220 1218 1670 1278; baseline -0.003 -12"><span class='ocrx_word' id='word_1_79' title='bbox 220 1249 277 1257; x_wconf 90' lang='lat'><em>—-</em></span> <span class='ocrx_word' id='word_1_80' title='bbox 315 1226 387 1267; x_wconf 81' lang='lat' dir='ltr'><em>Vs.</em></span> <span class='ocrx_word' id='word_1_81' title='bbox 416 1225 444 1263; x_wconf 84' lang='lat'><strong>3</strong></span> <span class='ocrx_word' id='word_1_82' title='bbox 481 1220 640 1276; x_wconf 82' lang='grc' dir='ltr'><em>σαῦρος</em></span> <span class='ocrx_word' id='word_1_83' title='bbox 669 1223 902 1263; x_wconf 86' lang='lat' dir='ltr'><strong>Dindorfius</strong></span> <span class='ocrx_word' id='word_1_84' title='bbox 932 1235 1006 1275; x_wconf 89' lang='lat' dir='ltr'><em>pro</em></span> <span class='ocrx_word' id='word_1_85' title='bbox 1036 1218 1210 1278; x_wconf 89' lang='grc' dir='ltr'><em>σαυρός.</em></span> <span class='ocrx_word' id='word_1_86' title='bbox 1273 1225 1392 1277; x_wconf 79' lang='lat' dir='ltr'><strong>Quod</strong></span> <span class='ocrx_word' id='word_1_87' title='bbox 1420 1228 1514 1265; x_wconf 87' lang='lat' dir='ltr'><strong>ante</strong></span> <span class='ocrx_word' id='word_1_88' title='bbox 1542 1223 1670 1278; x_wconf 87' lang='grc' dir='ltr'><em>φυκὶς</em></span> 
     </span>
     <span class='ocr_line' id='line_1_15' title="bbox 219 1287 1667 1346; baseline 0 -12"><span class='ocrx_word' id='word_1_89' title='bbox 219 1294 262 1335; x_wconf 82' lang='lat' dir='ltr'><em>in</em></span> <span class='ocrx_word' id='word_1_90' title='bbox 290 1294 403 1334; x_wconf 82' lang='lat' dir='ltr'><strong>libris</strong></span> <span class='ocrx_word' id='word_1_91' title='bbox 431 1293 582 1345; x_wconf 84' lang='lat' dir='ltr'><strong>legitur</strong></span> <span class='ocrx_word' id='word_1_92' title='bbox 610 1287 745 1345; x_wconf 84' lang='grc' dir='ltr'><em>φυκία</em></span> <span class='ocrx_word' id='word_1_93' title='bbox 775 1292 839 1332; x_wconf 83' lang='lat' dir='ltr'><em>vel</em></span> <span class='ocrx_word' id='word_1_94' title='bbox 869 1289 1009 1346; x_wconf 75' lang='grc' dir='ltr'><em>φυαία</em></span> <span class='ocrx_word' id='word_1_95' title='bbox 1040 1294 1193 1335; x_wconf 87' lang='lat' dir='ltr'><strong>delevit</strong></span> <span class='ocrx_word' id='word_1_96' title='bbox 1223 1295 1516 1335; x_wconf 85' lang='lat' dir='ltr'><strong>Villebrunius.</strong></span> <span class='ocrx_word' id='word_1_97' title='bbox 1583 1295 1667 1334; x_wconf 80' lang='lat' dir='ltr'><em>Pro</em></span> 
     </span>
     <span class='ocr_line' id='line_1_16' title="bbox 219 1357 1697 1415; baseline 0.003 -14"><span class='ocrx_word' id='word_1_98' title='bbox 219 1358 392 1415; x_wconf 80' lang='grc' dir='ltr'><em>βρίγκος</em></span> <span class='ocrx_word' id='word_1_99' title='bbox 405 1361 707 1402; x_wconf 79' lang='lat' dir='ltr'><strong>Mnesimachus</strong></span> <span class='ocrx_word' id='word_1_100' title='bbox 722 1361 750 1403; x_wconf 92' lang='lat' dir='ltr'><em>l.</em></span> <span class='ocrx_word' id='word_1_101' title='bbox 766 1361 794 1402; x_wconf 87' lang='lat'><em>1.</em></span> <span class='ocrx_word' id='word_1_102' title='bbox 810 1357 996 1414; x_wconf 81' lang='grc' dir='ltr'><em>βρίγχος.</em></span> <span class='ocrx_word' id='word_1_103' title='bbox 1026 1387 1079 1395; x_wconf 78' lang='lat'>—</span> <span class='ocrx_word' id='word_1_104' title='bbox 1110 1364 1180 1405; x_wconf 83' lang='lat' dir='ltr'><em>Vs.</em></span> <span class='ocrx_word' id='word_1_105' title='bbox 1196 1364 1309 1403; x_wconf 78' lang='grc'><em>4-6</em></span> <span class='ocrx_word' id='word_1_106' title='bbox 1324 1377 1347 1403; x_wconf 86' lang='lat' dir='ltr'><strong>a</strong></span> <span class='ocrx_word' id='word_1_107' title='bbox 1361 1358 1520 1414; x_wconf 87' lang='grc' dir='ltr'><em>μύλλος</em></span> <span class='ocrx_word' id='word_1_108' title='bbox 1537 1375 1667 1415; x_wconf 78' lang='lat' dir='ltr'><strong>usque</strong></span> <span class='ocrx_word' id='word_1_109' title='bbox 1692 1397 1697 1406; x_wconf 77' lang='grc'>,</span> 
     </span>
     <span class='ocr_line' id='line_1_17' title="bbox 220 1429 1667 1486; baseline -0.001 -14"><span class='ocrx_word' id='word_1_110' title='bbox 220 1431 272 1472; x_wconf 87' lang='lat' dir='ltr'><strong>ad</strong></span> <span class='ocrx_word' id='word_1_111' title='bbox 301 1429 454 1477; x_wconf 74' lang='grc' dir='ltr'><em>τευθὶς</em></span> <span class='ocrx_word' id='word_1_112' title='bbox 482 1431 607 1470; x_wconf 87' lang='lat' dir='ltr'><strong>habet</strong></span> <span class='ocrx_word' id='word_1_113' title='bbox 635 1430 757 1470; x_wconf 89' lang='lat' dir='ltr'><strong>etiam</strong></span> <span class='ocrx_word' id='word_1_114' title='bbox 787 1431 1105 1472; x_wconf 82' lang='lat' dir='ltr'><strong>Mnesimaehus.</strong></span> <span class='ocrx_word' id='word_1_115' title='bbox 1143 1455 1198 1462; x_wconf 88' lang='lat'><em>——</em></span> <span class='ocrx_word' id='word_1_116' title='bbox 1242 1433 1312 1475; x_wconf 78' lang='lat' dir='ltr'><strong>Va.</strong></span> <span class='ocrx_word' id='word_1_117' title='bbox 1341 1431 1368 1472; x_wconf 89' lang='lat'>5</span> <span class='ocrx_word' id='word_1_118' title='bbox 1396 1445 1471 1486; x_wconf 85' lang='lat' dir='ltr'><em>pro</em></span> <span class='ocrx_word' id='word_1_119' title='bbox 1501 1429 1667 1486; x_wconf 72' lang='grc' dir='ltr'><em>θρίττα</em></span> 
     </span>
     <span class='ocr_line' id='line_1_18' title="bbox 218 1495 1664 1553; baseline 0.001 -12"><span class='ocrx_word' id='word_1_120' title='bbox 218 1501 520 1543; x_wconf 80' lang='lat' dir='ltr'><strong>Mnesimachus</strong></span> <span class='ocrx_word' id='word_1_121' title='bbox 549 1495 741 1553; x_wconf 73' lang='grc' dir='ltr'><em>θρᾷττα.</em></span> <span class='ocrx_word' id='word_1_122' title='bbox 769 1524 823 1532; x_wconf 78' lang='lat'><strong>—</strong></span> <span class='ocrx_word' id='word_1_123' title='bbox 853 1500 964 1541; x_wconf 54' lang='lat' dir='ltr'><em>Vsa</em></span> <span class='ocrx_word' id='word_1_124' title='bbox 993 1500 1087 1540; x_wconf 83' lang='lat' dir='ltr'>libri</span> <span class='ocrx_word' id='word_1_125' title='bbox 1115 1497 1426 1543; x_wconf 89' lang='grc' dir='ltr'><em>πουλυπόδιον.</em></span> <span class='ocrx_word' id='word_1_126' title='bbox 1465 1505 1528 1544; x_wconf 81' lang='lat' dir='ltr'><em>Ex</em></span> <span class='ocrx_word' id='word_1_127' title='bbox 1557 1503 1664 1544; x_wconf 78' lang='lat' dir='ltr'><strong>eius-</strong></span> 
     </span>
     <span class='ocr_line' id='line_1_19' title="bbox 218 1569 1663 1622; baseline 0.002 -11"><span class='ocrx_word' id='word_1_128' title='bbox 218 1570 312 1611; x_wconf 79' lang='lat' dir='ltr'><em>dem</em></span> <span class='ocrx_word' id='word_1_129' title='bbox 337 1569 510 1610; x_wconf 81' lang='lat' dir='ltr'><strong>convivii</strong></span> <span class='ocrx_word' id='word_1_130' title='bbox 540 1569 811 1621; x_wconf 71' lang='lat' dir='ltr'><strong>descriptIone</strong></span> <span class='ocrx_word' id='word_1_131' title='bbox 839 1581 1014 1622; x_wconf 81' lang='lat' dir='ltr'><strong>sequens</strong></span> <span class='ocrx_word' id='word_1_132' title='bbox 1036 1569 1310 1622; x_wconf 78' lang='lat' dir='ltr'><strong>fragmentum</strong></span> <span class='ocrx_word' id='word_1_133' title='bbox 1333 1572 1556 1614; x_wconf 84' lang='lat' dir='ltr'><strong>derivatum</strong></span> <span class='ocrx_word' id='word_1_134' title='bbox 1586 1577 1663 1614; x_wconf 82' lang='lat' dir='ltr'><strong>est.</strong></span> 
     </span>
    </p>
   </div>
   <div class='ocr_carea' id='block_1_4' title="bbox 205 1691 1697 2786">
    <p class='ocr_par' dir='ltr' id='par_1_4' title="bbox 914 1691 966 1732">
     <span class='ocr_line' id='line_1_20' title="bbox 914 1691 966 1732; baseline 0.019 -1"><span class='ocrx_word' id='word_1_135' title='bbox 914 1691 966 1732; x_wconf 89' lang='lat'><em>11.</em></span> 
     </span>
    </p>

    <p class='ocr_par' dir='ltr' id='par_1_5' title="bbox 545 1767 1307 1825">
     <span class='ocr_line' id='line_1_21' title="bbox 545 1767 1307 1825; baseline 0 -13"><span class='ocrx_word' id='word_1_136' title='bbox 545 1770 639 1812; x_wconf 86' lang='grc' dir='ltr'><em>Καὶ</em></span> <span class='ocrx_word' id='word_1_137' title='bbox 667 1769 776 1825; x_wconf 82' lang='grc' dir='ltr'><em>μετὰ</em></span> <span class='ocrx_word' id='word_1_138' title='bbox 807 1771 982 1813; x_wconf 81' lang='grc' dir='ltr'><em>δεῖπνον</em></span> <span class='ocrx_word' id='word_1_139' title='bbox 1008 1767 1158 1820; x_wconf 87' lang='grc' dir='ltr'><em>κόκκος</em></span> <span class='ocrx_word' id='word_1_140' title='bbox 1213 1777 1232 1798; x_wconf 85' lang='grc'><strong><em>*</em></strong></span> <span class='ocrx_word' id='word_1_141' title='bbox 1289 1778 1307 1799; x_wconf 79' lang='grc'><strong><em>*</em></strong></span> 
     </span>
    </p>

    <p class='ocr_par' dir='ltr' id='par_1_6' title="bbox 543 1850 1234 1910">
     <span class='ocr_line' id='line_1_22' title="bbox 543 1850 1234 1910; baseline 0 -16"><span class='ocrx_word' id='word_1_142' title='bbox 543 1853 772 1910; x_wconf 74' lang='grc' dir='ltr'><em>ἐρέβινθος</em></span> <span class='ocrx_word' id='word_1_143' title='bbox 827 1860 846 1879; x_wconf 79' lang='grc'><strong><em>*</em></strong></span> <span class='ocrx_word' id='word_1_144' title='bbox 905 1855 923 1874; x_wconf 77' lang='grc'>*</span> <span class='ocrx_word' id='word_1_145' title='bbox 980 1860 998 1879; x_wconf 80' lang='grc'><strong><em>*</em></strong></span> <span class='ocrx_word' id='word_1_146' title='bbox 1056 1850 1234 1907; x_wconf 86' lang='grc' dir='ltr'><em>κύαμος,</em></span> 
     </span>
    </p>

    <p class='ocr_par' dir='ltr' id='par_1_7' title="bbox 538 1932 901 1993">
     <span class='ocr_line' id='line_1_23' title="bbox 538 1932 901 1993; baseline 0.003 -16"><span class='ocrx_word' id='word_1_147' title='bbox 538 1932 733 1993; x_wconf 86' lang='grc' dir='ltr'><em>χόνδρος,</em></span> <span class='ocrx_word' id='word_1_148' title='bbox 762 1933 901 1993; x_wconf 87' lang='grc' dir='ltr'><em>τυρός,</em></span> 
     </span>
    </p>

    <p class='ocr_par' dir='ltr' id='par_1_8' title="bbox 543 2016 1365 2077">
     <span class='ocr_line' id='line_1_24' title="bbox 543 2016 1365 2077; baseline 0 -16"><span class='ocrx_word' id='word_1_149' title='bbox 543 2020 653 2074; x_wconf 84' lang='grc' dir='ltr'><em>μέλι,</em></span> <span class='ocrx_word' id='word_1_150' title='bbox 681 2018 934 2074; x_wconf 84' lang='grc' dir='ltr'><em>σησαμίδες,</em></span> <span class='ocrx_word' id='word_1_151' title='bbox 963 2017 1134 2077; x_wconf 79' lang='grc' dir='ltr'><em>βράχος,</em></span> <span class='ocrx_word' id='word_1_152' title='bbox 1164 2016 1365 2076; x_wconf 79' lang='grc' dir='ltr'><em>βρυγμός,</em></span> 
     </span>
    </p>

    <p class='ocr_par' dir='ltr' id='par_1_9' title="bbox 491 2101 1358 2160">
     <span class='ocr_line' id='line_1_25' title="bbox 491 2101 1358 2160; baseline -0.002 -14"><span class='ocrx_word' id='word_1_153' title='bbox 491 2106 518 2146; x_wconf 87' lang='grc'><strong>5</strong></span> <span class='ocrx_word' id='word_1_154' title='bbox 546 2103 694 2158; x_wconf 85' lang='grc' dir='ltr'><em>μνούς,</em></span> <span class='ocrx_word' id='word_1_155' title='bbox 725 2102 976 2159; x_wconf 84' lang='grc' dir='ltr'><em>πυραμίδες,</em></span> <span class='ocrx_word' id='word_1_156' title='bbox 1004 2102 1159 2158; x_wconf 81' lang='grc' dir='ltr'><em>μῆλον,</em></span> <span class='ocrx_word' id='word_1_157' title='bbox 1185 2101 1358 2160; x_wconf 83' lang='grc' dir='ltr'><em>κάρυον,</em></span> 
     </span>
    </p>

    <p class='ocr_par' dir='ltr' id='par_1_10' title="bbox 541 2184 1697 2253">
     <span class='ocr_line' id='line_1_26' title="bbox 541 2184 1697 2253; baseline 0.002 -26"><span class='ocrx_word' id='word_1_158' title='bbox 541 2184 666 2239; x_wconf 80' lang='grc' dir='ltr'><em>γάλα,</em></span> <span class='ocrx_word' id='word_1_159' title='bbox 695 2185 967 2241; x_wconf 75' lang='grc' dir='ltr'><em>κανναβίδες,</em></span> <span class='ocrx_word' id='word_1_160' title='bbox 997 2185 1158 2242; x_wconf 85' lang='grc' dir='ltr'><em>κόγχαι,</em></span> <span class='ocrx_word' id='word_1_161' title='bbox 1186 2184 1329 2241; x_wconf 90' lang='grc' dir='ltr'><em>χυλός,</em></span> <span class='ocrx_word' id='word_1_162' title='bbox 1696 2243 1697 2253; x_wconf 19' lang='lat'>¹</span> 
     </span>
    </p>

    <p class='ocr_par' dir='ltr' id='par_1_11' title="bbox 205 2269 1696 2790">
     <span class='ocr_line' id='line_1_27' title="bbox 543 2269 1696 2340; baseline 0.002 -30"><span class='ocrx_word' id='word_1_163' title='bbox 543 2269 642 2319; x_wconf 84' lang='grc' dir='ltr'><em>Διὸς</em></span> <span class='ocrx_word' id='word_1_164' title='bbox 671 2269 916 2325; x_wconf 81' lang='grc' dir='ltr'><em>ἐγκέφαλος.</em></span> <span class='ocrx_word' id='word_1_165' title='bbox 1694 2294 1696 2340; x_wconf 37' lang='grc' dir='ltr'><em>ξ</em></span> 
     </span>
     <span class='ocr_line' id='line_1_28' title="bbox 324 2369 1694 2433; baseline 0.003 -23"><span class='ocrx_word' id='word_1_166' title='bbox 324 2370 558 2411; x_wconf 82' lang='lat' dir='ltr'><strong>Athenaeus</strong></span> <span class='ocrx_word' id='word_1_167' title='bbox 588 2372 684 2415; x_wconf 90' lang='lat' dir='ltr'><em>XlV</em></span> <span class='ocrx_word' id='word_1_168' title='bbox 714 2387 754 2425; x_wconf 89' lang='lat' dir='ltr'><em>p.</em></span> <span class='ocrx_word' id='word_1_169' title='bbox 784 2374 865 2412; x_wconf 77' lang='lat'><em>642</em></span> <span class='ocrx_word' id='word_1_170' title='bbox 882 2386 918 2413; x_wconf 86' lang='lat' dir='ltr'><em>e.</em></span> <span class='ocrx_word' id='word_1_171' title='bbox 949 2372 1001 2413; x_wconf 89' lang='lat' dir='ltr'><em>de</em></span> <span class='ocrx_word' id='word_1_172' title='bbox 1030 2371 1180 2412; x_wconf 72' lang='lat' dir='ltr'><strong>mensis</strong></span> <span class='ocrx_word' id='word_1_173' title='bbox 1215 2369 1402 2412; x_wconf 76' lang='lat' dir='ltr'><em>secundis</em></span> <span class='ocrx_word' id='word_1_174' title='bbox 1430 2369 1653 2414; x_wconf 80' lang='lat' dir='ltr'><strong>disserens:</strong></span> <span class='ocrx_word' id='word_1_175' title='bbox 1691 2379 1694 2433; x_wconf 31' lang='grc' dir='ltr'><strong>ὲ</strong></span> 
     </span>
     <span class='ocr_line' id='line_1_29' title="bbox 205 2433 1691 2493; baseline 0.004 -17"><span class='ocrx_word' id='word_1_176' title='bbox 205 2433 429 2491; x_wconf 74' lang='grc' dir='ltr'><em>’Ἔφιππος</em></span> <span class='ocrx_word' id='word_1_177' title='bbox 460 2435 674 2493; x_wconf 74' lang='grc' dir='ltr'><em>’,Εᾳήβοις</em></span> <span class='ocrx_word' id='word_1_178' title='bbox 711 2464 765 2471; x_wconf 55' lang='grc'><em>»-</em></span> <span class='ocrx_word' id='word_1_179' title='bbox 802 2440 876 2479; x_wconf 86' lang='grc' dir='ltr'><em>καὶ</em></span> <span class='ocrx_word' id='word_1_180' title='bbox 914 2438 959 2479; x_wconf 84' lang='grc' dir='ltr'><em>ἐν</em></span> <span class='ocrx_word' id='word_1_181' title='bbox 996 2435 1176 2479; x_wconf 90' lang='grc' dir='ltr'><em>Κύδωνι</em></span> <span class='ocrx_word' id='word_1_182' title='bbox 1211 2438 1303 2478; x_wconf 85' lang='grc' dir='ltr'><em>Καὶ</em></span> <span class='ocrx_word' id='word_1_183' title='bbox 1336 2436 1446 2490; x_wconf 76' lang='grc' dir='ltr'><em>μετὰ</em></span> <span class='ocrx_word' id='word_1_184' title='bbox 1480 2439 1654 2481; x_wconf 77' lang='grc' dir='ltr'><em>δεῖπνον</em></span> <span class='ocrx_word' id='word_1_185' title='bbox 1690 2483 1691 2493; x_wconf 46' lang='grc'><em>,</em></span> 
     </span>
     <span class='ocr_line' id='line_1_30' title="bbox 211 2503 1695 2566; baseline 0.003 -19"><span class='ocrx_word' id='word_1_186' title='bbox 211 2506 300 2548; x_wconf 86' lang='grc' dir='ltr'><em>κτλ.</em></span> <span class='ocrx_word' id='word_1_187' title='bbox 359 2510 466 2550; x_wconf 84' lang='lat' dir='ltr'><strong>Vs.l</strong></span> <span class='ocrx_word' id='word_1_188' title='bbox 499 2507 686 2551; x_wconf 86' lang='grc' dir='ltr'><em>δεῖπνον.</em></span> <span class='ocrx_word' id='word_1_189' title='bbox 716 2511 829 2550; x_wconf 84' lang='lat' dir='ltr'>Libri</span> <span class='ocrx_word' id='word_1_190' title='bbox 857 2506 906 2549; x_wconf 87' lang='grc' dir='ltr'><em>τὸ</em></span> <span class='ocrx_word' id='word_1_191' title='bbox 936 2507 1122 2550; x_wconf 80' lang='grc' dir='ltr'><em>δεῖπνον.</em></span> <span class='ocrx_word' id='word_1_192' title='bbox 1151 2503 1346 2558; x_wconf 84' lang='grc' dir='ltr'><em>,,Κόκκος</em></span> <span class='ocrx_word' id='word_1_193' title='bbox 1374 2508 1462 2560; x_wconf 77' lang='lat' dir='ltr'><strong>quis</strong></span> <span class='ocrx_word' id='word_1_194' title='bbox 1491 2510 1544 2548; x_wconf 79' lang='lat' dir='ltr'><em>sit</em></span> <span class='ocrx_word' id='word_1_195' title='bbox 1572 2523 1653 2551; x_wconf 89' lang='lat' dir='ltr'><em>non</em></span> <span class='ocrx_word' id='word_1_196' title='bbox 1691 2518 1695 2566; x_wconf 67' lang='grc' dir='ltr'><strong><em>ζ</em></strong></span> 
     </span>
     <span class='ocr_line' id='line_1_31' title="bbox 213 2567 1694 2633; baseline 0.001 -16"><span class='ocrx_word' id='word_1_197' title='bbox 213 2583 389 2626; x_wconf 81' lang='lat' dir='ltr'><strong>constat3</strong></span> <span class='ocrx_word' id='word_1_198' title='bbox 430 2580 655 2631; x_wconf 79' lang='lat' dir='ltr'><strong>generatim</strong></span> <span class='ocrx_word' id='word_1_199' title='bbox 684 2594 859 2633; x_wconf 81' lang='lat' dir='ltr'><strong>granum</strong></span> <span class='ocrx_word' id='word_1_200' title='bbox 880 2592 1094 2632; x_wconf 80' lang='lat' dir='ltr'><em>pomorum</em></span> <span class='ocrx_word' id='word_1_201' title='bbox 1123 2582 1197 2616; x_wconf 82' lang='lat' dir='ltr'><em>aut</em></span> <span class='ocrx_word' id='word_1_202' title='bbox 1225 2577 1411 2617; x_wconf 78' lang='lat' dir='ltr'><em>nucleum</em></span> <span class='ocrx_word' id='word_1_203' title='bbox 1438 2579 1649 2630; x_wconf 79' lang='lat' dir='ltr'><strong>significat.</strong></span> <span class='ocrx_word' id='word_1_204' title='bbox 1690 2567 1694 2631; x_wconf 65' lang='grc' dir='ltr'><em>,ἶ</em></span> 
     </span>
     <span class='ocr_line' id='line_1_32' title="bbox 213 2633 1693 2701; baseline 0.002 -15"><span class='ocrx_word' id='word_1_205' title='bbox 213 2647 425 2699; x_wconf 77' lang='lat' dir='ltr'><strong>sigillatim</strong></span> <span class='ocrx_word' id='word_1_206' title='bbox 463 2648 503 2687; x_wconf 89' lang='lat' dir='ltr'><em>h.</em></span> <span class='ocrx_word' id='word_1_207' title='bbox 533 2648 560 2688; x_wconf 88' lang='lat' dir='ltr'><em>l.</em></span> <span class='ocrx_word' id='word_1_208' title='bbox 580 2650 825 2701; x_wconf 76' lang='lat' dir='ltr'><em>punicorum</em></span> <span class='ocrx_word' id='word_1_209' title='bbox 853 2649 1051 2688; x_wconf 80' lang='lat' dir='ltr'><em>malornm</em></span> <span class='ocrx_word' id='word_1_210' title='bbox 1080 2648 1222 2686; x_wconf 79' lang='lat' dir='ltr'><strong>acinos</strong></span> <span class='ocrx_word' id='word_1_211' title='bbox 1251 2648 1504 2699; x_wconf 86' lang='lat' dir='ltr'><strong>intelligebat</strong></span> <span class='ocrx_word' id='word_1_212' title='bbox 1533 2648 1649 2689; x_wconf 87' lang='lat' dir='ltr'><strong>Dale-</strong></span> <span class='ocrx_word' id='word_1_213' title='bbox 1684 2633 1693 2701; x_wconf 42' lang='grc' dir='ltr'><em>μ]</em></span> 
     </span>
     <span class='ocr_line' id='line_1_33' title="bbox 213 2685 1692 2786; baseline 0.001 -30"><span class='ocrx_word' id='word_1_214' title='bbox 213 2716 412 2768; x_wconf 82' lang='lat' dir='ltr'><strong>eampius:</strong></span> <span class='ocrx_word' id='word_1_215' title='bbox 449 2730 484 2756; x_wconf 82' lang='grc' dir='ltr'><em>ν.</em></span> <span class='ocrx_word' id='word_1_216' title='bbox 519 2718 702 2758; x_wconf 76' lang='lat' dir='ltr'><strong>Budaeus</strong></span> <span class='ocrx_word' id='word_1_217' title='bbox 741 2732 763 2758; x_wconf 82' lang='lat' dir='ltr'><strong>a</strong></span> <span class='ocrx_word' id='word_1_218' title='bbox 798 2719 909 2770; x_wconf 83' lang='lat' dir='ltr'><strong>Stap.</strong></span> <span class='ocrx_word' id='word_1_219' title='bbox 946 2717 998 2757; x_wconf 88' lang='lat' dir='ltr'><strong>ad</strong></span> <span class='ocrx_word' id='word_1_220' title='bbox 1029 2715 1238 2770; x_wconf 82' lang='lat' dir='ltr'><strong>Theophr.</strong></span> <span class='ocrx_word' id='word_1_221' title='bbox 1269 2730 1308 2769; x_wconf 83' lang='lat' dir='ltr'><em>p.</em></span> <span class='ocrx_word' id='word_1_222' title='bbox 1339 2718 1434 2758; x_wconf 73' lang='lat'><strong>392.</strong></span> <span class='ocrx_word' id='word_1_223' title='bbox 1491 2719 1648 2771; x_wconf 85' lang='lat' dir='ltr'><strong>Hippo·</strong></span> <span class='ocrx_word' id='word_1_224' title='bbox 1686 2685 1692 2786; x_wconf 55' lang='lat' dir='ltr'>J</span> 
     </span>
    </p>
   </div>
   <div class='ocr_carea' id='block_1_5' title="bbox 1680 2891 1693 3007">
    <p class='ocr_par' dir='ltr' id='par_1_12' title="bbox 1680 2891 1693 3007">
     <span class='ocr_line' id='line_1_34' title="bbox 1682 2891 1693 2918; baseline -0.182 0"><span class='ocrx_word' id='word_1_225' title='bbox 1682 2891 1693 2918; x_wconf 66' lang='lat'><em>3³.</em></span> 
     </span>
     <span class='ocr_line' id='line_1_35' title="bbox 1680 2928 1692 2968; baseline 0 -34"><span class='ocrx_word' id='word_1_226' title='bbox 1680 2928 1684 2968; x_wconf 54' lang='grc' dir='ltr'><em>ιι</em></span> <span class='ocrx_word' id='word_1_227' title='bbox 1689 2930 1692 2934; x_wconf 89' lang='grc'><em>.</em></span> 
     </span>
     <span class='ocr_line' id='line_1_36' title="bbox 1680 2978 1690 3007; baseline 0 -25"><span class='ocrx_word' id='word_1_228' title='bbox 1680 2978 1690 3007; x_wconf 24' lang='grc' dir='ltr'><em>Γ,</em></span> 
     </span>
    </p>
   </div>
   <div class='ocr_carea' id='block_1_6' title="bbox 1676 3012 1702 3158">
    <p class='ocr_par' dir='ltr' id='par_1_13' title="bbox 1672 3012 1702 3158">
     <span class='ocr_line' id='line_1_37' title="bbox 1676 3012 1702 3158; baseline 0 0"><span class='ocrx_word' id='word_1_229' title='bbox 1676 3012 1702 3158; x_wconf 80' lang='lat' dir='ltr'><strong>l</strong></span> 
     </span>
    </p>
   </div>
  </div>
 </body>
</html>
