<?xml version="1.0" encoding="UTF-8"?>
<!DOCTYPE html PUBLIC "-//W3C//DTD XHTML 1.0 Transitional//EN"
    "http://www.w3.org/TR/xhtml1/DTD/xhtml1-transitional.dtd">
<html xmlns="http://www.w3.org/1999/xhtml" xml:lang="en" lang="en">
 <head>
  <title>
</title>
<meta http-equiv="Content-Type" content="text/html;charset=utf-8" />
  <meta name='ocr-system' content='tesseract 3.04.00' />
  <meta name='ocr-capabilities' content='ocr_page ocr_carea ocr_par ocr_line ocrx_word'/>
</head>
<body>
  <div class='ocr_page' id='page_1' title='image "./fragmentacomicor03meinuoft_0214.png"; bbox 0 0 1702 3158; ppageno 0'>
   <div class='ocr_carea' id='block_1_1' title="bbox 216 201 1080 245">
    <p class='ocr_par' dir='ltr' id='par_1_1' title="bbox 216 201 1080 245">
     <span class='ocr_line' id='line_1_1' title="bbox 216 201 1080 245; baseline -0.005 0"><span class='ocrx_word' id='word_1_1' title='bbox 216 205 300 245; x_wconf 75' lang='lat'><strong>2⁰6</strong></span> <span class='ocrx_word' id='word_1_2' title='bbox 820 201 1030 242; x_wconf 79' lang='lat' dir='ltr'><strong>EUBULI</strong></span> <span class='ocrx_word' id='word_1_3' title='bbox 1076 202 1080 217; x_wconf 65' lang='lat'>*</span> 
     </span>
    </p>
   </div>
   <div class='ocr_carea' id='block_1_2' title="bbox 142 310 1686 2099">
    <p class='ocr_par' dir='ltr' id='par_1_2' title="bbox 217 310 1663 432">
     <span class='ocr_line' id='line_1_2' title="bbox 217 310 1663 366; baseline 0 -11"><span class='ocrx_word' id='word_1_4' title='bbox 217 316 325 366; x_wconf 87' lang='lat' dir='ltr'><strong>Apte</strong></span> <span class='ocrx_word' id='word_1_5' title='bbox 362 312 587 365; x_wconf 81' lang='lat' dir='ltr'><strong>comparari</strong></span> <span class='ocrx_word' id='word_1_6' title='bbox 624 315 793 363; x_wconf 81' lang='lat' dir='ltr'><strong>possunt</strong></span> <span class='ocrx_word' id='word_1_7' title='bbox 836 311 957 351; x_wconf 83' lang='lat' dir='ltr'><strong>etiam</strong></span> <span class='ocrx_word' id='word_1_8' title='bbox 994 324 1097 363; x_wconf 86' lang='lat' dir='ltr'><strong>quae</strong></span> <span class='ocrx_word' id='word_1_9' title='bbox 1135 323 1182 350; x_wconf 86' lang='lat' dir='ltr'><strong>ex</strong></span> <span class='ocrx_word' id='word_1_10' title='bbox 1211 310 1366 351; x_wconf 88' lang='lat' dir='ltr'><strong>incerto</strong></span> <span class='ocrx_word' id='word_1_11' title='bbox 1395 316 1516 365; x_wconf 76' lang='lat' dir='ltr'><strong>poeta</strong></span> <span class='ocrx_word' id='word_1_12' title='bbox 1543 312 1663 354; x_wconf 79' lang='lat' dir='ltr'><strong>affert</strong></span> 
     </span>
     <span class='ocr_line' id='line_1_3' title="bbox 217 379 847 432; baseline -0.008 -9"><span class='ocrx_word' id='word_1_13' title='bbox 217 382 463 423; x_wconf 74' lang='lat' dir='ltr'>Plutarchus</span> <span class='ocrx_word' id='word_1_14' title='bbox 492 382 599 421; x_wconf 93' lang='lat' dir='ltr'><strong>Mor.</strong></span> <span class='ocrx_word' id='word_1_15' title='bbox 631 394 670 432; x_wconf 90' lang='lat' dir='ltr'><strong>p.</strong></span> <span class='ocrx_word' id='word_1_16' title='bbox 701 379 778 418; x_wconf 83' lang='lat'><strong>461</strong></span> <span class='ocrx_word' id='word_1_17' title='bbox 798 379 847 419; x_wconf 88' lang='lat' dir='ltr'><strong>b:</strong></span> 
     </span>
    </p>

    <p class='ocr_par' dir='ltr' id='par_1_3' title="bbox 383 441 1455 501">
     <span class='ocr_line' id='line_1_4' title="bbox 383 441 1455 501; baseline -0.001 -12"><span class='ocrx_word' id='word_1_18' title='bbox 383 446 407 489; x_wconf 91' lang='grc' dir='ltr'>ὁ</span> <span class='ocrx_word' id='word_1_19' title='bbox 438 445 482 488; x_wconf 77' lang='grc' dir='ltr'><strong>δ’</strong></span> <span class='ocrx_word' id='word_1_20' title='bbox 514 444 608 487; x_wconf 80' lang='grc' dir='ltr'><em>οὔτ’</em></span> <span class='ocrx_word' id='word_1_21' title='bbox 641 443 756 498; x_wconf 75' lang='grc' dir='ltr'><em>ἄγαν</em></span> <span class='ocrx_word' id='word_1_22' title='bbox 784 443 984 487; x_wconf 83' lang='grc' dir='ltr'><em>ὀπτοῖσιν</em></span> <span class='ocrx_word' id='word_1_23' title='bbox 1011 441 1122 486; x_wconf 73' lang='grc' dir='ltr'><strong>οὔθ’</strong></span> <span class='ocrx_word' id='word_1_24' title='bbox 1155 443 1314 500; x_wconf 78' lang='grc' dir='ltr'><em>ἑφθοῖς</em></span> <span class='ocrx_word' id='word_1_25' title='bbox 1342 444 1455 501; x_wconf 81' lang='grc' dir='ltr'><em>ἄγαν</em></span> 
     </span>
    </p>

    <p class='ocr_par' dir='ltr' id='par_1_4' title="bbox 382 509 1367 570">
     <span class='ocr_line' id='line_1_5' title="bbox 382 509 1367 570; baseline -0.001 -12"><span class='ocrx_word' id='word_1_26' title='bbox 382 514 496 558; x_wconf 75' lang='grc' dir='ltr'><strong>οὔθ’</strong></span> <span class='ocrx_word' id='word_1_27' title='bbox 524 509 655 566; x_wconf 80' lang='grc' dir='ltr'><em>ἧττον</em></span> <span class='ocrx_word' id='word_1_28' title='bbox 685 513 781 555; x_wconf 79' lang='grc' dir='ltr'><em>οὕτε</em></span> <span class='ocrx_word' id='word_1_29' title='bbox 810 515 977 570; x_wconf 80' lang='grc' dir='ltr'><em>μᾶλλον</em></span> <span class='ocrx_word' id='word_1_30' title='bbox 1005 511 1101 555; x_wconf 73' lang='grc' dir='ltr'><em>οὔτε</em></span> <span class='ocrx_word' id='word_1_31' title='bbox 1132 513 1204 555; x_wconf 77' lang='grc' dir='ltr'><strong>διὰ</strong></span> <span class='ocrx_word' id='word_1_32' title='bbox 1232 516 1367 568; x_wconf 80' lang='grc' dir='ltr'><em>μέσου</em></span> 
     </span>
    </p>

    <p class='ocr_par' dir='ltr' id='par_1_5' title="bbox 142 579 1686 2099">
     <span class='ocr_line' id='line_1_6' title="bbox 382 579 1573 641; baseline 0 -15"><span class='ocrx_word' id='word_1_33' title='bbox 382 585 633 641; x_wconf 77' lang='grc' dir='ltr'><em>ἦρτυμὲνοις</em></span> <span class='ocrx_word' id='word_1_34' title='bbox 658 582 824 640; x_wconf 87' lang='grc' dir='ltr'><em>χαίρων</em></span> <span class='ocrx_word' id='word_1_35' title='bbox 853 588 954 640; x_wconf 84' lang='lat' dir='ltr'><strong>(leg.</strong></span> <span class='ocrx_word' id='word_1_36' title='bbox 985 582 1170 639; x_wconf 79' lang='grc' dir='ltr'><em>ἔχαιρεν)</em></span> <span class='ocrx_word' id='word_1_37' title='bbox 1197 579 1307 626; x_wconf 69' lang='grc' dir='ltr'><strong>ὥστ’</strong></span> <span class='ocrx_word' id='word_1_38' title='bbox 1335 585 1573 630; x_wconf 77' lang='grc' dir='ltr'><strong><em>ἐπαινέσαι.</em></strong></span> 
     </span>
     <span class='ocr_line' id='line_1_7' title="bbox 217 656 1662 711; baseline -0.001 -12"><span class='ocrx_word' id='word_1_39' title='bbox 217 661 332 711; x_wconf 74' lang='lat' dir='ltr'><strong>Quae</strong></span> <span class='ocrx_word' id='word_1_40' title='bbox 377 663 418 697; x_wconf 86' lang='lat' dir='ltr'><strong>et</strong></span> <span class='ocrx_word' id='word_1_41' title='bbox 454 658 548 708; x_wconf 78' lang='lat' dir='ltr'><strong>ipsa</strong></span> <span class='ocrx_word' id='word_1_42' title='bbox 591 656 766 697; x_wconf 85' lang='lat' dir='ltr'><strong>fortasse</strong></span> <span class='ocrx_word' id='word_1_43' title='bbox 810 657 861 697; x_wconf 90' lang='lat' dir='ltr'><strong>de</strong></span> <span class='ocrx_word' id='word_1_44' title='bbox 906 657 1086 697; x_wconf 84' lang='lat' dir='ltr'><strong>Hercule</strong></span> <span class='ocrx_word' id='word_1_45' title='bbox 1129 658 1433 709; x_wconf 84' lang='lat' dir='ltr'><strong>interpretanda</strong></span> <span class='ocrx_word' id='word_1_46' title='bbox 1473 663 1579 699; x_wconf 83' lang='lat' dir='ltr'><strong>sunt.</strong></span> <span class='ocrx_word' id='word_1_47' title='bbox 1609 684 1662 691; x_wconf 86' lang='lat'><strong>—</strong></span> 
     </span>
     <span class='ocr_line' id='line_1_8' title="bbox 142 714 1660 779; baseline -0.001 -11"><span class='ocrx_word' id='word_1_48' title='bbox 142 760 147 762; x_wconf 87' lang='lat'><strong>.</strong></span> <span class='ocrx_word' id='word_1_49' title='bbox 216 727 290 768; x_wconf 85' lang='lat' dir='ltr'><strong>Vs.</strong></span> <span class='ocrx_word' id='word_1_50' title='bbox 321 729 348 767; x_wconf 77' lang='lat'>2</span> <span class='ocrx_word' id='word_1_51' title='bbox 378 740 427 766; x_wconf 83' lang='lat' dir='ltr'><strong>ex</strong></span> <span class='ocrx_word' id='word_1_52' title='bbox 457 725 665 778; x_wconf 81' lang='lat' dir='ltr'>Euripidis</span> <span class='ocrx_word' id='word_1_53' title='bbox 694 727 888 766; x_wconf 86' lang='lat' dir='ltr'><strong>Androm.</strong></span> <span class='ocrx_word' id='word_1_54' title='bbox 918 727 1019 766; x_wconf 79' lang='lat'><strong>369:</strong></span> <span class='ocrx_word' id='word_1_55' title='bbox 1050 714 1098 764; x_wconf 70' lang='grc' dir='ltr'><strong>εὖ</strong></span> <span class='ocrx_word' id='word_1_56' title='bbox 1126 722 1175 763; x_wconf 79' lang='grc' dir='ltr'><strong>δ’</strong></span> <span class='ocrx_word' id='word_1_57' title='bbox 1206 721 1309 764; x_wconf 74' lang='grc' dir='ltr'><strong>ἴσθ’</strong></span> <span class='ocrx_word' id='word_1_58' title='bbox 1341 719 1444 766; x_wconf 81' lang='grc' dir='ltr'><em>ὅτου</em></span> <span class='ocrx_word' id='word_1_59' title='bbox 1473 740 1535 774; x_wconf 87' lang='grc' dir='ltr'><strong>τις</strong></span> <span class='ocrx_word' id='word_1_60' title='bbox 1562 740 1660 779; x_wconf 86' lang='grc' dir='ltr'><em>τυγ-</em></span> 
     </span>
     <span class='ocr_line' id='line_1_9' title="bbox 209 781 1658 850; baseline 0.001 -16"><span class='ocrx_word' id='word_1_61' title='bbox 209 791 332 849; x_wconf 83' lang='grc' dir='ltr'><em>χάνει</em></span> <span class='ocrx_word' id='word_1_62' title='bbox 371 791 521 847; x_wconf 85' lang='grc' dir='ltr'><em>χρείαν</em></span> <span class='ocrx_word' id='word_1_63' title='bbox 569 791 686 846; x_wconf 78' lang='grc' dir='ltr'><em>ἔχων,</em></span> <span class='ocrx_word' id='word_1_64' title='bbox 735 791 856 834; x_wconf 85' lang='grc' dir='ltr'><em>τοῦτ’</em></span> <span class='ocrx_word' id='word_1_65' title='bbox 896 790 1002 834; x_wconf 71' lang='grc' dir='ltr'><strong>ἔσθ’</strong></span> <span class='ocrx_word' id='word_1_66' title='bbox 1035 789 1196 849; x_wconf 72' lang='grc' dir='ltr'><em>ἑκάστῳ</em></span> <span class='ocrx_word' id='word_1_67' title='bbox 1238 794 1380 848; x_wconf 74' lang='grc' dir='ltr'><em>μεῖζον</em></span> <span class='ocrx_word' id='word_1_68' title='bbox 1421 791 1449 845; x_wconf 80' lang='grc' dir='ltr'><em>ἢ</em></span> <span class='ocrx_word' id='word_1_69' title='bbox 1497 781 1658 850; x_wconf 73' lang='grc' dir='ltr'><em>Τροίαν</em></span> 
     </span>
     <span class='ocr_line' id='line_1_10' title="bbox 213 861 1655 907; baseline 0.003 -4"><span class='ocrx_word' id='word_1_70' title='bbox 213 861 335 906; x_wconf 76' lang='grc' dir='ltr'><em>ἑλεῖν.</em></span> <span class='ocrx_word' id='word_1_71' title='bbox 361 865 507 906; x_wconf 80' lang='lat' dir='ltr'><strong>Attulit</strong></span> <span class='ocrx_word' id='word_1_72' title='bbox 537 865 639 904; x_wconf 87' lang='lat' dir='ltr'><strong>haec</strong></span> <span class='ocrx_word' id='word_1_73' title='bbox 667 867 746 905; x_wconf 90' lang='lat' dir='ltr'><strong>iam</strong></span> <span class='ocrx_word' id='word_1_74' title='bbox 773 866 1052 906; x_wconf 82' lang='lat' dir='ltr'><strong>casaubonus.</strong></span> <span class='ocrx_word' id='word_1_75' title='bbox 1113 866 1209 904; x_wconf 85' lang='lat' dir='ltr'><strong>Post</strong></span> <span class='ocrx_word' id='word_1_76' title='bbox 1239 867 1460 906; x_wconf 85' lang='lat' dir='ltr'><strong>secundum</strong></span> <span class='ocrx_word' id='word_1_77' title='bbox 1493 879 1655 907; x_wconf 87' lang='lat' dir='ltr'><strong>versum</strong></span> 
     </span>
     <span class='ocr_line' id='line_1_11' title="bbox 213 934 1656 983; baseline 0 -8"><span class='ocrx_word' id='word_1_78' title='bbox 213 935 354 975; x_wconf 85' lang='lat' dir='ltr'><strong>nescio</strong></span> <span class='ocrx_word' id='word_1_79' title='bbox 383 947 432 973; x_wconf 84' lang='lat' dir='ltr'><strong>an</strong></span> <span class='ocrx_word' id='word_1_80' title='bbox 464 935 647 973; x_wconf 89' lang='lat' dir='ltr'><strong>nonnihil</strong></span> <span class='ocrx_word' id='word_1_81' title='bbox 686 935 867 974; x_wconf 84' lang='lat' dir='ltr'><strong>omiserit</strong></span> <span class='ocrx_word' id='word_1_82' title='bbox 896 934 1143 974; x_wconf 79' lang='lat' dir='ltr'><strong>Athenaeus.</strong></span> <span class='ocrx_word' id='word_1_83' title='bbox 1203 959 1256 966; x_wconf 82' lang='grc'><strong>--</strong></span> <span class='ocrx_word' id='word_1_84' title='bbox 1314 936 1383 975; x_wconf 82' lang='lat' dir='ltr'><strong>Vs.</strong></span> <span class='ocrx_word' id='word_1_85' title='bbox 1413 937 1438 975; x_wconf 84' lang='lat'><strong>3</strong></span> <span class='ocrx_word' id='word_1_86' title='bbox 1480 934 1656 983; x_wconf 79' lang='grc' dir='ltr'><em>,,καυλοὶ</em></span> 
     </span>
     <span class='ocr_line' id='line_1_12' title="bbox 213 1000 1659 1056; baseline 0.001 -12"><span class='ocrx_word' id='word_1_87' title='bbox 213 1007 308 1044; x_wconf 82' lang='lat' dir='ltr'><strong>sunt</strong></span> <span class='ocrx_word' id='word_1_88' title='bbox 344 1003 489 1055; x_wconf 76' lang='lat' dir='ltr'><em>silphii</em></span> <span class='ocrx_word' id='word_1_89' title='bbox 518 1003 654 1043; x_wconf 81' lang='lat' dir='ltr'><strong>caules</strong></span> <span class='ocrx_word' id='word_1_90' title='bbox 690 1003 855 1042; x_wconf 83' lang='lat' dir='ltr'><strong>edules:</strong></span> <span class='ocrx_word' id='word_1_91' title='bbox 893 1000 1069 1056; x_wconf 68' lang='grc' dir='ltr'><em>σίλφιον</em></span> <span class='ocrx_word' id='word_1_92' title='bbox 1105 1004 1364 1056; x_wconf 80' lang='lat' dir='ltr'><em>laserpitium</em></span> <span class='ocrx_word' id='word_1_93' title='bbox 1399 1018 1471 1044; x_wconf 85' lang='lat' dir='ltr'><strong>seu</strong></span> <span class='ocrx_word' id='word_1_94' title='bbox 1513 1018 1659 1045; x_wconf 82' lang='lat' dir='ltr'><strong>succus</strong></span> 
     </span>
     <span class='ocr_line' id='line_1_13' title="bbox 212 1070 1659 1126; baseline 0.003 -15"><span class='ocrx_word' id='word_1_95' title='bbox 212 1073 302 1124; x_wconf 79' lang='lat' dir='ltr'><strong>ipse</strong></span> <span class='ocrx_word' id='word_1_96' title='bbox 338 1072 475 1123; x_wconf 80' lang='lat' dir='ltr'><strong>silphii</strong></span> <span class='ocrx_word' id='word_1_97' title='bbox 512 1073 580 1123; x_wconf 89' lang='lat' dir='ltr'><strong>qui</strong></span> <span class='ocrx_word' id='word_1_98' title='bbox 621 1072 869 1123; x_wconf 82' lang='lat' dir='ltr'>Cyrenaicus</span> <span class='ocrx_word' id='word_1_99' title='bbox 901 1072 1062 1112; x_wconf 88' lang='lat' dir='ltr'><strong>dicitur.</strong></span> <span class='ocrx_word' id='word_1_100' title='bbox 1140 1073 1238 1112; x_wconf 89' lang='lat' dir='ltr'><strong>Inde</strong></span> <span class='ocrx_word' id='word_1_101' title='bbox 1274 1070 1527 1126; x_wconf 81' lang='grc' dir='ltr'><em>παροψίδας</em></span> <span class='ocrx_word' id='word_1_102' title='bbox 1563 1076 1590 1115; x_wconf 89' lang='lat' dir='ltr'><strong>i.</strong></span> <span class='ocrx_word' id='word_1_103' title='bbox 1622 1089 1659 1115; x_wconf 87' lang='lat' dir='ltr'><strong>e.</strong></span> 
     </span>
     <span class='ocr_line' id='line_1_14' title="bbox 214 1141 1659 1194; baseline 0.001 -14"><span class='ocrx_word' id='word_1_104' title='bbox 214 1141 385 1181; x_wconf 79' lang='lat' dir='ltr'><strong>obsonia</strong></span> <span class='ocrx_word' id='word_1_105' title='bbox 414 1141 586 1190; x_wconf 89' lang='lat' dir='ltr'><strong>(Athen.</strong></span> <span class='ocrx_word' id='word_1_106' title='bbox 619 1141 675 1180; x_wconf 84' lang='lat' dir='ltr'><strong>IX</strong></span> <span class='ocrx_word' id='word_1_107' title='bbox 705 1155 746 1192; x_wconf 88' lang='lat' dir='ltr'><strong>p.</strong></span> <span class='ocrx_word' id='word_1_108' title='bbox 776 1141 908 1191; x_wconf 58' lang='grc'><strong>3610.</strong></span> <span class='ocrx_word' id='word_1_109' title='bbox 926 1142 985 1191; x_wconf 91' lang='lat' dir='ltr'><strong>d.)</strong></span> <span class='ocrx_word' id='word_1_110' title='bbox 1026 1154 1129 1193; x_wconf 89' lang='lat' dir='ltr'><strong>quae</strong></span> <span class='ocrx_word' id='word_1_111' title='bbox 1159 1154 1249 1181; x_wconf 92' lang='lat' dir='ltr'><strong>cum</strong></span> <span class='ocrx_word' id='word_1_112' title='bbox 1278 1143 1426 1194; x_wconf 81' lang='lat' dir='ltr'><strong>silphio</strong></span> <span class='ocrx_word' id='word_1_113' title='bbox 1457 1149 1659 1194; x_wconf 79' lang='lat' dir='ltr'><strong>parantur,</strong></span> 
     </span>
     <span class='ocr_line' id='line_1_15' title="bbox 213 1205 1659 1264; baseline 0.003 -17"><span class='ocrx_word' id='word_1_114' title='bbox 213 1205 460 1263; x_wconf 75' lang='grc' dir='ltr'><em>ἱεροσύλους</em></span> <span class='ocrx_word' id='word_1_115' title='bbox 491 1210 700 1263; x_wconf 83' lang='lat' dir='ltr'><strong>sacrilega</strong></span> <span class='ocrx_word' id='word_1_116' title='bbox 731 1210 902 1249; x_wconf 79' lang='lat' dir='ltr'><strong>obsonia</strong></span> <span class='ocrx_word' id='word_1_117' title='bbox 931 1216 1059 1258; x_wconf 73' lang='lat' dir='ltr'><strong>vocat,</strong></span> <span class='ocrx_word' id='word_1_118' title='bbox 1091 1211 1183 1262; x_wconf 90' lang='lat' dir='ltr'><strong>quia</strong></span> <span class='ocrx_word' id='word_1_119' title='bbox 1213 1212 1411 1264; x_wconf 78' lang='lat' dir='ltr'><strong>silphium</strong></span> <span class='ocrx_word' id='word_1_120' title='bbox 1433 1212 1566 1252; x_wconf 81' lang='lat' dir='ltr'><strong>frutex</strong></span> <span class='ocrx_word' id='word_1_121' title='bbox 1598 1216 1659 1253; x_wconf 83' lang='lat' dir='ltr'><strong>est</strong></span> 
     </span>
     <span class='ocr_line' id='line_1_16' title="bbox 212 1279 1660 1332; baseline 0.001 -13"><span class='ocrx_word' id='word_1_122' title='bbox 212 1280 376 1332; x_wconf 81' lang='lat' dir='ltr'><strong>generis</strong></span> <span class='ocrx_word' id='word_1_123' title='bbox 405 1280 616 1328; x_wconf 78' lang='lat' dir='ltr'><strong>ferulacei,</strong></span> <span class='ocrx_word' id='word_1_124' title='bbox 648 1279 861 1331; x_wconf 87' lang='lat' dir='ltr'><strong>Theophr.</strong></span> <span class='ocrx_word' id='word_1_125' title='bbox 890 1281 944 1319; x_wconf 90' lang='lat' dir='ltr'><strong>H.</strong></span> <span class='ocrx_word' id='word_1_126' title='bbox 977 1281 1022 1320; x_wconf 92' lang='lat' dir='ltr'><strong>P.</strong></span> <span class='ocrx_word' id='word_1_127' title='bbox 1053 1281 1107 1321; x_wconf 85' lang='lat' dir='ltr'><strong>Vl</strong></span> <span class='ocrx_word' id='word_1_128' title='bbox 1140 1281 1179 1328; x_wconf 88' lang='lat'><strong>3,</strong></span> <span class='ocrx_word' id='word_1_129' title='bbox 1222 1282 1325 1321; x_wconf 90' lang='lat' dir='ltr'><strong>Plin.</strong></span> <span class='ocrx_word' id='word_1_130' title='bbox 1355 1282 1408 1321; x_wconf 82' lang='lat' dir='ltr'><strong>H.</strong></span> <span class='ocrx_word' id='word_1_131' title='bbox 1429 1283 1478 1322; x_wconf 87' lang='grc' dir='ltr'><strong>Ν.</strong></span> <span class='ocrx_word' id='word_1_132' title='bbox 1508 1283 1605 1330; x_wconf 86' lang='lat' dir='ltr'><strong>XIX</strong></span> <span class='ocrx_word' id='word_1_133' title='bbox 1633 1283 1660 1321; x_wconf 78' lang='grc'><strong>3</strong></span> 
     </span>
     <span class='ocr_line' id='line_1_17' title="bbox 214 1345 1658 1400; baseline 0.002 -12"><span class='ocrx_word' id='word_1_134' title='bbox 214 1349 291 1397; x_wconf 84' lang='grc'><strong>15,</strong></span> <span class='ocrx_word' id='word_1_135' title='bbox 323 1353 364 1388; x_wconf 85' lang='lat' dir='ltr'><strong>et</strong></span> <span class='ocrx_word' id='word_1_136' title='bbox 394 1345 546 1399; x_wconf 76' lang='grc' dir='ltr'><em>πικρὰς</em></span> <span class='ocrx_word' id='word_1_137' title='bbox 574 1350 751 1396; x_wconf 81' lang='lat' dir='ltr'><strong>misera,</strong></span> <span class='ocrx_word' id='word_1_138' title='bbox 791 1349 1005 1397; x_wconf 81' lang='lat' dir='ltr'><strong>luctuosa‚·</strong></span> <span class='ocrx_word' id='word_1_139' title='bbox 1041 1350 1147 1400; x_wconf 90' lang='lat' dir='ltr'><strong>quod</strong></span> <span class='ocrx_word' id='word_1_140' title='bbox 1179 1351 1324 1390; x_wconf 88' lang='lat' dir='ltr'><strong>nimiae</strong></span> <span class='ocrx_word' id='word_1_141' title='bbox 1354 1351 1523 1390; x_wconf 80' lang='lat' dir='ltr'><strong>deliciae</strong></span> <span class='ocrx_word' id='word_1_142' title='bbox 1553 1354 1658 1391; x_wconf 89' lang='lat' dir='ltr'><strong>mul-</strong></span> 
     </span>
     <span class='ocr_line' id='line_1_18' title="bbox 212 1415 1659 1472; baseline 0.002 -16"><span class='ocrx_word' id='word_1_143' title='bbox 212 1423 347 1457; x_wconf 86' lang='lat' dir='ltr'><strong>torum</strong></span> <span class='ocrx_word' id='word_1_144' title='bbox 378 1419 611 1457; x_wconf 82' lang='lat' dir='ltr'><strong>morborum</strong></span> <span class='ocrx_word' id='word_1_145' title='bbox 644 1419 723 1456; x_wconf 84' lang='lat' dir='ltr'><strong>sint</strong></span> <span class='ocrx_word' id='word_1_146' title='bbox 754 1419 939 1458; x_wconf 83' lang='lat' dir='ltr'><strong>causae.”</strong></span> <span class='ocrx_word' id='word_1_147' title='bbox 988 1419 1413 1470; x_wconf 80' lang='lat' dir='ltr'><strong>Schweighaeuserus.</strong></span> <span class='ocrx_word' id='word_1_148' title='bbox 1468 1415 1659 1472; x_wconf 78' lang='grc' dir='ltr'><em>Ἰερόσυ-</em></span> 
     </span>
     <span class='ocr_line' id='line_1_19' title="bbox 211 1483 1656 1539; baseline 0.003 -14"><span class='ocrx_word' id='word_1_149' title='bbox 211 1485 280 1525; x_wconf 84' lang='grc' dir='ltr'><strong>λοι</strong></span> <span class='ocrx_word' id='word_1_150' title='bbox 309 1483 551 1539; x_wconf 81' lang='grc' dir='ltr'><em>παροψίδες</em></span> <span class='ocrx_word' id='word_1_151' title='bbox 581 1493 674 1526; x_wconf 78' lang='lat' dir='ltr'><strong>sunt</strong></span> <span class='ocrx_word' id='word_1_152' title='bbox 703 1486 882 1526; x_wconf 80' lang='lat' dir='ltr'><strong>deliciae</strong></span> <span class='ocrx_word' id='word_1_153' title='bbox 911 1487 1188 1537; x_wconf 82' lang='lat' dir='ltr'><strong>detestabiles,</strong></span> <span class='ocrx_word' id='word_1_154' title='bbox 1216 1490 1438 1539; x_wconf 80' lang='lat' dir='ltr'><strong>nefandae.</strong></span> <span class='ocrx_word' id='word_1_155' title='bbox 1506 1490 1656 1529; x_wconf 83' lang='lat' dir='ltr'><strong>Simili-</strong></span> 
     </span>
     <span class='ocr_line' id='line_1_20' title="bbox 211 1551 1656 1610; baseline 0.001 -14"><span class='ocrx_word' id='word_1_156' title='bbox 211 1561 277 1596; x_wconf 80' lang='lat' dir='ltr'><strong>ter</strong></span> <span class='ocrx_word' id='word_1_157' title='bbox 311 1551 570 1609; x_wconf 80' lang='grc' dir='ltr'><em>τοιχωρύχον</em></span> <span class='ocrx_word' id='word_1_158' title='bbox 607 1552 812 1607; x_wconf 73' lang='grc' dir='ltr'><em>λαγύνιον</em></span> <span class='ocrx_word' id='word_1_159' title='bbox 840 1556 939 1595; x_wconf 85' lang='lat' dir='ltr'><strong>dixit</strong></span> <span class='ocrx_word' id='word_1_160' title='bbox 968 1556 1156 1608; x_wconf 86' lang='lat' dir='ltr'><strong>Diphilus</strong></span> <span class='ocrx_word' id='word_1_161' title='bbox 1186 1559 1362 1610; x_wconf 89' lang='lat' dir='ltr'><strong>Adelph.</strong></span> <span class='ocrx_word' id='word_1_162' title='bbox 1400 1564 1441 1597; x_wconf 87' lang='lat' dir='ltr'><strong>et</strong></span> <span class='ocrx_word' id='word_1_163' title='bbox 1477 1560 1656 1599; x_wconf 83' lang='lat' dir='ltr'><strong>incertus</strong></span> 
     </span>
     <span class='ocr_line' id='line_1_21' title="bbox 210 1625 1658 1681; baseline 0 -15"><span class='ocrx_word' id='word_1_164' title='bbox 210 1631 333 1678; x_wconf 77' lang='lat' dir='ltr'><strong>poeta</strong></span> <span class='ocrx_word' id='word_1_165' title='bbox 361 1626 467 1678; x_wconf 83' lang='lat' dir='ltr'><strong>apud</strong></span> <span class='ocrx_word' id='word_1_166' title='bbox 499 1627 704 1666; x_wconf 81' lang='lat' dir='ltr'><strong>Plutarch.</strong></span> <span class='ocrx_word' id='word_1_167' title='bbox 733 1626 872 1665; x_wconf 88' lang='lat' dir='ltr'><strong>Praec.</strong></span> <span class='ocrx_word' id='word_1_168' title='bbox 903 1626 1021 1664; x_wconf 88' lang='lat' dir='ltr'><strong>sanit.</strong></span> <span class='ocrx_word' id='word_1_169' title='bbox 1039 1640 1077 1678; x_wconf 92' lang='lat' dir='ltr'><strong>p.</strong></span> <span class='ocrx_word' id='word_1_170' title='bbox 1095 1627 1174 1666; x_wconf 81' lang='lat'><strong>125</strong></span> <span class='ocrx_word' id='word_1_171' title='bbox 1204 1630 1260 1668; x_wconf 90' lang='lat' dir='ltr'><strong>A:</strong></span> <span class='ocrx_word' id='word_1_172' title='bbox 1289 1626 1342 1665; x_wconf 83' lang='grc' dir='ltr'><strong>τὰ</strong></span> <span class='ocrx_word' id='word_1_173' title='bbox 1371 1625 1658 1681; x_wconf 78' lang='grc' dir='ltr'><em>πανοῦργα</em></span> 
     </span>
     <span class='ocr_line' id='line_1_22' title="bbox 209 1690 1657 1749; baseline 0.003 -16"><span class='ocrx_word' id='word_1_174' title='bbox 209 1691 341 1734; x_wconf 83' lang='grc' dir='ltr'><em>ταῦτ’</em></span> <span class='ocrx_word' id='word_1_175' title='bbox 370 1690 542 1748; x_wconf 83' lang='grc' dir='ltr'><em>ὀψάρια</em></span> <span class='ocrx_word' id='word_1_176' title='bbox 576 1690 929 1748; x_wconf 73' lang='grc' dir='ltr'><em>χίποτρίμματα.</em></span> <span class='ocrx_word' id='word_1_177' title='bbox 999 1695 1079 1735; x_wconf 85' lang='lat' dir='ltr'><strong>Pro</strong></span> <span class='ocrx_word' id='word_1_178' title='bbox 1119 1697 1290 1749; x_wconf 81' lang='grc' dir='ltr'><em>πικραῖς</em></span> <span class='ocrx_word' id='word_1_179' title='bbox 1319 1698 1526 1737; x_wconf 87' lang='lat' dir='ltr'><strong>Dobraeus</strong></span> <span class='ocrx_word' id='word_1_180' title='bbox 1554 1699 1657 1739; x_wconf 79' lang='lat' dir='ltr'><strong>Adv.</strong></span> 
     </span>
     <span class='ocr_line' id='line_1_23' title="bbox 211 1765 1656 1818; baseline 0.001 -13"><span class='ocrx_word' id='word_1_181' title='bbox 211 1765 249 1805; x_wconf 85' lang='grc' dir='ltr'><strong>ΙΙ</strong></span> <span class='ocrx_word' id='word_1_182' title='bbox 279 1779 320 1818; x_wconf 90' lang='lat' dir='ltr'><strong>p.</strong></span> <span class='ocrx_word' id='word_1_183' title='bbox 349 1767 432 1806; x_wconf 74' lang='lat'><strong>298</strong></span> <span class='ocrx_word' id='word_1_184' title='bbox 463 1769 592 1804; x_wconf 84' lang='lat' dir='ltr'><strong>tentat</strong></span> <span class='ocrx_word' id='word_1_185' title='bbox 621 1765 811 1817; x_wconf 86' lang='grc' dir='ltr'><em>μιαραῖς.</em></span> <span class='ocrx_word' id='word_1_186' title='bbox 869 1765 912 1804; x_wconf 88' lang='lat' dir='ltr'><strong>Si</strong></span> <span class='ocrx_word' id='word_1_187' title='bbox 943 1777 1084 1805; x_wconf 80' lang='lat' dir='ltr'><strong>sanum</strong></span> <span class='ocrx_word' id='word_1_188' title='bbox 1115 1771 1177 1806; x_wconf 87' lang='lat' dir='ltr'><strong>est</strong></span> <span class='ocrx_word' id='word_1_189' title='bbox 1207 1767 1434 1818; x_wconf 84' lang='lat' dir='ltr'><strong>vulgatum,</strong></span> <span class='ocrx_word' id='word_1_190' title='bbox 1466 1768 1656 1807; x_wconf 82' lang='lat' dir='ltr'><strong>verterim</strong></span> 
     </span>
     <span class='ocr_line' id='line_1_24' title="bbox 210 1824 1656 1888; baseline 0.002 -14"><span class='ocrx_word' id='word_1_191' title='bbox 210 1836 349 1875; x_wconf 80' lang='lat' dir='ltr'><strong>invisa</strong></span> <span class='ocrx_word' id='word_1_192' title='bbox 379 1835 574 1882; x_wconf 76' lang='lat' dir='ltr'><strong>obsonia;</strong></span> <span class='ocrx_word' id='word_1_193' title='bbox 611 1835 837 1887; x_wconf 83' lang='lat' dir='ltr'><strong>Sophocles</strong></span> <span class='ocrx_word' id='word_1_194' title='bbox 877 1833 982 1872; x_wconf 90' lang='lat' dir='ltr'><strong>Phil.</strong></span> <span class='ocrx_word' id='word_1_195' title='bbox 1015 1835 1096 1874; x_wconf 75' lang='lat'><strong>254</strong></span> <span class='ocrx_word' id='word_1_196' title='bbox 1134 1824 1167 1873; x_wconf 76' lang='grc' dir='ltr'><em>ὦ</em></span> <span class='ocrx_word' id='word_1_197' title='bbox 1198 1834 1347 1888; x_wconf 87' lang='grc' dir='ltr'><em>πικρὸς</em></span> <span class='ocrx_word' id='word_1_198' title='bbox 1375 1835 1512 1882; x_wconf 71' lang='grc' dir='ltr'><em>θεοῖς.</em></span> <span class='ocrx_word' id='word_1_199' title='bbox 1569 1837 1656 1877; x_wconf 82' lang='lat' dir='ltr'><strong>Nisi</strong></span> 
     </span>
     <span class='ocr_line' id='line_1_25' title="bbox 209 1904 1655 1958; baseline 0.001 -14"><span class='ocrx_word' id='word_1_200' title='bbox 209 1905 344 1957; x_wconf 84' lang='lat' dir='ltr'><strong>potius</strong></span> <span class='ocrx_word' id='word_1_201' title='bbox 393 1905 503 1944; x_wconf 79' lang='lat' dir='ltr'><strong>cibos</strong></span> <span class='ocrx_word' id='word_1_202' title='bbox 541 1905 645 1943; x_wconf 50' lang='lat' dir='ltr'><strong>dicit*</strong></span> <span class='ocrx_word' id='word_1_203' title='bbox 677 1904 944 1944; x_wconf 78' lang='lat' dir='ltr'><strong>condimentis</strong></span> <span class='ocrx_word' id='word_1_204' title='bbox 986 1917 1099 1944; x_wconf 76' lang='lat' dir='ltr'><strong>acres</strong></span> <span class='ocrx_word' id='word_1_205' title='bbox 1149 1910 1190 1945; x_wconf 88' lang='lat' dir='ltr'><strong>et</strong></span> <span class='ocrx_word' id='word_1_206' title='bbox 1230 1907 1342 1957; x_wconf 85' lang='lat' dir='ltr'><strong>quasi</strong></span> <span class='ocrx_word' id='word_1_207' title='bbox 1378 1910 1538 1955; x_wconf 79' lang='lat' dir='ltr'><strong>acutos,</strong></span> <span class='ocrx_word' id='word_1_208' title='bbox 1577 1919 1655 1958; x_wconf 86' lang='lat' dir='ltr'><strong>quo</strong></span> 
     </span>
     <span class='ocr_line' id='line_1_26' title="bbox 209 1968 1654 2028; baseline 0.001 -14"><span class='ocrx_word' id='word_1_209' title='bbox 209 1986 333 2014; x_wconf 76' lang='lat' dir='ltr'><strong>sensu</strong></span> <span class='ocrx_word' id='word_1_210' title='bbox 363 1974 493 2013; x_wconf 87' lang='lat' dir='ltr'><strong>muria</strong></span> <span class='ocrx_word' id='word_1_211' title='bbox 523 1973 669 2013; x_wconf 87' lang='lat' dir='ltr'><strong>dicitur</strong></span> <span class='ocrx_word' id='word_1_212' title='bbox 699 1968 843 2026; x_wconf 80' lang='grc' dir='ltr'><em>πικρά,</em></span> <span class='ocrx_word' id='word_1_213' title='bbox 875 1978 915 2012; x_wconf 88' lang='lat' dir='ltr'><strong>et</strong></span> <span class='ocrx_word' id='word_1_214' title='bbox 944 1970 1073 2027; x_wconf 73' lang='grc' dir='ltr'><em>πικρὰ</em></span> <span class='ocrx_word' id='word_1_215' title='bbox 1103 1969 1311 2027; x_wconf 62' lang='grc' dir='ltr'><em>φάρμακα</em></span> <span class='ocrx_word' id='word_1_216' title='bbox 1340 1976 1380 2015; x_wconf 90' lang='lat' dir='ltr'><strong>in</strong></span> <span class='ocrx_word' id='word_1_217' title='bbox 1412 1989 1530 2015; x_wconf 78' lang='lat' dir='ltr'><strong>versu</strong></span> <span class='ocrx_word' id='word_1_218' title='bbox 1560 1989 1654 2028; x_wconf 84' lang='lat' dir='ltr'><strong>pro-</strong></span> 
     </span>
     <span class='ocr_line' id='line_1_27' title="bbox 207 2039 1686 2099; baseline 0.001 -16"><span class='ocrx_word' id='word_1_219' title='bbox 207 2043 375 2083; x_wconf 81' lang='lat' dir='ltr'><strong>verbiali</strong></span> <span class='ocrx_word' id='word_1_220' title='bbox 405 2039 562 2096; x_wconf 76' lang='grc' dir='ltr'><em>πικρὰν</em></span> <span class='ocrx_word' id='word_1_221' title='bbox 592 2045 756 2095; x_wconf 83' lang='grc' dir='ltr'><em>πικροῖς</em></span> <span class='ocrx_word' id='word_1_222' title='bbox 783 2039 980 2091; x_wconf 74' lang='grc' dir='ltr'><em>κλύζουσι</em></span> <span class='ocrx_word' id='word_1_223' title='bbox 1009 2039 1252 2097; x_wconf 63' lang='grc' dir='ltr'><em>φαρμάκοις</em></span> <span class='ocrx_word' id='word_1_224' title='bbox 1274 2040 1408 2096; x_wconf 85' lang='grc' dir='ltr'><em>χολὴν</em></span> <span class='ocrx_word' id='word_1_225' title='bbox 1435 2046 1686 2099; x_wconf 33' lang='lat' dir='ltr'><strong>apudPlu-21</strong></span> 
     </span>
    </p>
   </div>
   <div class='ocr_carea' id='block_1_3' title="bbox 204 2109 1695 2309">
    <p class='ocr_par' dir='ltr' id='par_1_6' title="bbox 204 2109 1695 2309">
     <span class='ocr_line' id='line_1_28' title="bbox 206 2109 1695 2167; baseline 0.001 -16"><span class='ocrx_word' id='word_1_226' title='bbox 206 2113 336 2153; x_wconf 87' lang='lat' dir='ltr'><strong>tarch.</strong></span> <span class='ocrx_word' id='word_1_227' title='bbox 367 2115 476 2154; x_wconf 86' lang='lat' dir='ltr'><strong>Mor.</strong></span> <span class='ocrx_word' id='word_1_228' title='bbox 506 2127 545 2165; x_wconf 88' lang='lat' dir='ltr'><strong>p.</strong></span> <span class='ocrx_word' id='word_1_229' title='bbox 577 2115 658 2153; x_wconf 79' lang='lat'><strong>923</strong></span> <span class='ocrx_word' id='word_1_230' title='bbox 675 2127 710 2154; x_wconf 80' lang='lat' dir='ltr'><strong>a.</strong></span> <span class='ocrx_word' id='word_1_231' title='bbox 743 2137 813 2149; x_wconf 25' lang='grc' dir='ltr'><strong>-ψ</strong></span> <span class='ocrx_word' id='word_1_232' title='bbox 835 2114 906 2155; x_wconf 84' lang='lat' dir='ltr'><strong>Vs.</strong></span> <span class='ocrx_word' id='word_1_233' title='bbox 937 2114 964 2152; x_wconf 88' lang='grc'>8</span> <span class='ocrx_word' id='word_1_234' title='bbox 992 2112 1115 2167; x_wconf 75' lang='grc' dir='ltr'><em>κρέας</em></span> <span class='ocrx_word' id='word_1_235' title='bbox 1144 2109 1372 2153; x_wconf 78' lang='grc' dir='ltr'><em>ἀσόλοικον</em></span> <span class='ocrx_word' id='word_1_236' title='bbox 1399 2121 1511 2154; x_wconf 86' lang='lat' dir='ltr'><strong>recte</strong></span> <span class='ocrx_word' id='word_1_237' title='bbox 1541 2115 1653 2155; x_wconf 80' lang='lat' dir='ltr'><strong>Tou·</strong></span> <span class='ocrx_word' id='word_1_238' title='bbox 1694 2149 1695 2152; x_wconf 75' lang='grc'>,</span> 
     </span>
     <span class='ocr_line' id='line_1_29' title="bbox 206 2179 1682 2235; baseline 0.001 -14"><span class='ocrx_word' id='word_1_239' title='bbox 206 2183 297 2234; x_wconf 87' lang='lat' dir='ltr'><strong>pius</strong></span> <span class='ocrx_word' id='word_1_240' title='bbox 339 2183 514 2223; x_wconf 86' lang='lat' dir='ltr'><strong>Emend.</strong></span> <span class='ocrx_word' id='word_1_241' title='bbox 547 2184 675 2235; x_wconf 9' lang='lat' dir='ltr'><strong>lllxp.</strong></span> <span class='ocrx_word' id='word_1_242' title='bbox 706 2182 760 2222; x_wconf 76' lang='lat'><strong>96</strong></span> <span class='ocrx_word' id='word_1_243' title='bbox 798 2184 849 2222; x_wconf 87' lang='lat' dir='ltr'><strong>de</strong></span> <span class='ocrx_word' id='word_1_244' title='bbox 888 2196 1008 2222; x_wconf 88' lang='lat' dir='ltr'><strong>carne</strong></span> <span class='ocrx_word' id='word_1_245' title='bbox 1046 2184 1157 2223; x_wconf 90' lang='lat' dir='ltr'><strong>nullo</strong></span> <span class='ocrx_word' id='word_1_246' title='bbox 1198 2185 1293 2224; x_wconf 83' lang='lat' dir='ltr'><strong>artis</strong></span> <span class='ocrx_word' id='word_1_247' title='bbox 1333 2185 1532 2224; x_wconf 86' lang='lat' dir='ltr'><strong>lenocinio</strong></span> <span class='ocrx_word' id='word_1_248' title='bbox 1563 2179 1682 2223; x_wconf 70' lang='lat' dir='ltr'><strong>cor-³</strong></span> 
     </span>
     <span class='ocr_line' id='line_1_30' title="bbox 204 2249 1686 2309; baseline 0.001 -19"><span class='ocrx_word' id='word_1_249' title='bbox 204 2257 330 2304; x_wconf 74' lang='lat' dir='ltr'><strong>rupta</strong></span> <span class='ocrx_word' id='word_1_250' title='bbox 353 2253 658 2304; x_wconf 76' lang='lat' dir='ltr'><strong>interpretatur.</strong></span> <span class='ocrx_word' id='word_1_251' title='bbox 706 2278 760 2285; x_wconf 82' lang='lat'>—</span> <span class='ocrx_word' id='word_1_252' title='bbox 802 2254 871 2294; x_wconf 78' lang='lat' dir='ltr'><strong>Vs.</strong></span> <span class='ocrx_word' id='word_1_253' title='bbox 903 2255 928 2292; x_wconf 79' lang='lat'>9</span> <span class='ocrx_word' id='word_1_254' title='bbox 957 2250 1149 2303; x_wconf 82' lang='grc' dir='ltr'><em>γεννικόν</em></span> <span class='ocrx_word' id='word_1_255' title='bbox 1178 2255 1224 2293; x_wconf 88' lang='lat' dir='ltr'><strong>L.</strong></span> <span class='ocrx_word' id='word_1_256' title='bbox 1269 2251 1435 2302; x_wconf 79' lang='grc' dir='ltr'><em>γενικόν</em></span> <span class='ocrx_word' id='word_1_257' title='bbox 1466 2255 1513 2295; x_wconf 86' lang='lat' dir='ltr'><strong>V.</strong></span> <span class='ocrx_word' id='word_1_258' title='bbox 1558 2249 1653 2297; x_wconf 70' lang='grc' dir='ltr'><em>δελ-</em></span> <span class='ocrx_word' id='word_1_259' title='bbox 1683 2307 1686 2309; x_wconf 30' lang='grc'>-</span> 
     </span>
    </p>
   </div>
   <div class='ocr_carea' id='block_1_4' title="bbox 205 2317 1702 2796">
    <p class='ocr_par' dir='ltr' id='par_1_7' title="bbox 205 2317 1702 2796">
     <span class='ocr_line' id='line_1_31' title="bbox 205 2317 1682 2375; baseline 0.002 -17"><span class='ocrx_word' id='word_1_260' title='bbox 205 2317 343 2372; x_wconf 76' lang='grc' dir='ltr'><em>φάκια</em></span> <span class='ocrx_word' id='word_1_261' title='bbox 373 2322 457 2363; x_wconf 90' lang='lat' dir='ltr'><strong>VL.</strong></span> <span class='ocrx_word' id='word_1_262' title='bbox 504 2317 709 2374; x_wconf 73' lang='grc' dir='ltr'><em>δελ([άκι’</em></span> <span class='ocrx_word' id='word_1_263' title='bbox 741 2323 860 2363; x_wconf 89' lang='lat' dir='ltr'><strong>BCD.</strong></span> <span class='ocrx_word' id='word_1_264' title='bbox 937 2323 1160 2375; x_wconf 81' lang='lat' dir='ltr'><strong>Eleganter</strong></span> <span class='ocrx_word' id='word_1_265' title='bbox 1203 2323 1435 2363; x_wconf 82' lang='lat' dir='ltr'><strong>Dindorfius</strong></span> <span class='ocrx_word' id='word_1_266' title='bbox 1469 2323 1510 2362; x_wconf 90' lang='lat' dir='ltr'><strong>in</strong></span> <span class='ocrx_word' id='word_1_267' title='bbox 1540 2323 1651 2361; x_wconf 88' lang='lat' dir='ltr'><strong>Zim-</strong></span> <span class='ocrx_word' id='word_1_268' title='bbox 1679 2318 1682 2319; x_wconf 39' lang='lat'><em>⁷</em></span> 
     </span>
     <span class='ocr_line' id='line_1_32' title="bbox 205 2379 1651 2444; baseline -0.001 -14"><span class='ocrx_word' id='word_1_269' title='bbox 205 2391 427 2430; x_wconf 79' lang='lat' dir='ltr'><strong>mermanni</strong></span> <span class='ocrx_word' id='word_1_270' title='bbox 458 2393 593 2431; x_wconf 71' lang='lat' dir='ltr'><strong>Dian-io</strong></span> <span class='ocrx_word' id='word_1_271' title='bbox 625 2393 741 2433; x_wconf 81' lang='lat' dir='ltr'><strong>Stud.</strong></span> <span class='ocrx_word' id='word_1_272' title='bbox 761 2393 922 2443; x_wconf 66' lang='lat' dir='ltr'><strong>antiqu.</strong></span> <span class='ocrx_word' id='word_1_273' title='bbox 953 2379 1121 2442; x_wconf 63' lang='lat'><strong>(183‘9)</strong></span> <span class='ocrx_word' id='word_1_274' title='bbox 1160 2393 1354 2432; x_wconf 82' lang='lat' dir='ltr'><strong>coniecit:</strong></span> <span class='ocrx_word' id='word_1_275' title='bbox 1391 2386 1651 2444; x_wconf 77' lang='grc' dir='ltr'><em>ἀκροκώλιόν</em></span> 
     </span>
     <span class='ocr_line' id='line_1_33' title="bbox 205 2456 1669 2513; baseline 0.003 -16"><span class='ocrx_word' id='word_1_276' title='bbox 205 2471 249 2497; x_wconf 82' lang='grc' dir='ltr'><strong>τε</strong></span> <span class='ocrx_word' id='word_1_277' title='bbox 279 2456 534 2512; x_wconf 65' lang='grc' dir='ltr'><em>δελφάκειον</em></span> <span class='ocrx_word' id='word_1_278' title='bbox 562 2456 767 2512; x_wconf 75' lang='grc' dir='ltr'><em>γεννικόν,</em></span> <span class='ocrx_word' id='word_1_279' title='bbox 792 2461 797 2513; x_wconf 86' lang='grc' dir='ltr'>Ι</span> <span class='ocrx_word' id='word_1_280' title='bbox 826 2457 939 2500; x_wconf 80' lang='grc' dir='ltr'><em>ὀπτα</em></span> <span class='ocrx_word' id='word_1_281' title='bbox 970 2457 1013 2498; x_wconf 77' lang='grc' dir='ltr'><strong>δ’</strong></span> <span class='ocrx_word' id='word_1_282' title='bbox 1045 2457 1273 2503; x_wconf 75' lang='grc' dir='ltr'><em>ἁλίπαστα,</em></span> <span class='ocrx_word' id='word_1_283' title='bbox 1296 2457 1407 2513; x_wconf 85' lang='grc' dir='ltr'><em>τρία.</em></span> <span class='ocrx_word' id='word_1_284' title='bbox 1459 2461 1669 2501; x_wconf 68' lang='grc' dir='ltr'><em>Εοτῐειεεσ</em></span> 
     </span>
     <span class='ocr_line' id='line_1_34' title="bbox 205 2525 1649 2584; baseline 0.001 -16"><span class='ocrx_word' id='word_1_285' title='bbox 205 2529 362 2569; x_wconf 88' lang='lat' dir='ltr'><strong>leniore</strong></span> <span class='ocrx_word' id='word_1_286' title='bbox 397 2544 516 2570; x_wconf 91' lang='lat' dir='ltr'><strong>manu</strong></span> <span class='ocrx_word' id='word_1_287' title='bbox 555 2532 861 2584; x_wconf 83' lang='lat' dir='ltr'><strong>reflngendum:</strong></span> <span class='ocrx_word' id='word_1_288' title='bbox 901 2525 1164 2583; x_wconf 76' lang='grc' dir='ltr'><em>ἀκροκώλιον</em></span> <span class='ocrx_word' id='word_1_289' title='bbox 1201 2543 1244 2568; x_wconf 82' lang='grc' dir='ltr'><strong>τε·</strong></span> <span class='ocrx_word' id='word_1_290' title='bbox 1281 2530 1489 2578; x_wconf 58' lang='grc' dir='ltr'><em>γεννικόν</em></span> <span class='ocrx_word' id='word_1_291' title='bbox 1511 2526 1649 2569; x_wconf 85' lang='grc' dir='ltr'><em>ὀπτοῦ</em></span> 
     </span>
     <span class='ocr_line' id='line_1_35' title="bbox 207 2594 1648 2652; baseline 0.003 -17"><span class='ocrx_word' id='word_1_292' title='bbox 207 2595 431 2649; x_wconf 73' lang='grc' dir='ltr'><em>δέλφακος,</em></span> <span class='ocrx_word' id='word_1_293' title='bbox 455 2598 460 2651; x_wconf 81' lang='grc' dir='ltr'>Ι</span> <span class='ocrx_word' id='word_1_294' title='bbox 489 2594 710 2638; x_wconf 79' lang='grc' dir='ltr'><em>ἁλίπαστα</em></span> <span class='ocrx_word' id='word_1_295' title='bbox 740 2595 852 2652; x_wconf 84' lang='grc' dir='ltr'><em>τρία.</em></span> <span class='ocrx_word' id='word_1_296' title='bbox 919 2601 1007 2650; x_wconf 85' lang='lat' dir='ltr'><strong>Nec</strong></span> <span class='ocrx_word' id='word_1_297' title='bbox 1036 2601 1174 2639; x_wconf 89' lang='lat' dir='ltr'><strong>dubito</strong></span> <span class='ocrx_word' id='word_1_298' title='bbox 1205 2599 1299 2650; x_wconf 88' lang='lat' dir='ltr'><strong>quin</strong></span> <span class='ocrx_word' id='word_1_299' title='bbox 1328 2599 1370 2637; x_wconf 88' lang='lat' dir='ltr'><strong>id</strong></span> <span class='ocrx_word' id='word_1_300' title='bbox 1401 2601 1520 2639; x_wconf 83' lang='lat' dir='ltr'><strong>etiam</strong></span> <span class='ocrx_word' id='word_1_301' title='bbox 1551 2600 1648 2640; x_wconf 92' lang='lat' dir='ltr'><strong>Din-</strong></span> 
     </span>
     <span class='ocr_line' id='line_1_36' title="bbox 207 2667 1647 2720; baseline 0.001 -13"><span class='ocrx_word' id='word_1_302' title='bbox 207 2667 338 2707; x_wconf 87' lang='lat' dir='ltr'><strong>dorfio</strong></span> <span class='ocrx_word' id='word_1_303' title='bbox 372 2668 415 2707; x_wconf 88' lang='lat' dir='ltr'><strong>in</strong></span> <span class='ocrx_word' id='word_1_304' title='bbox 451 2674 628 2708; x_wconf 84' lang='lat' dir='ltr'><strong>mentem</strong></span> <span class='ocrx_word' id='word_1_305' title='bbox 668 2670 847 2717; x_wconf 83' lang='lat' dir='ltr'><strong>venerit,</strong></span> <span class='ocrx_word' id='word_1_306' title='bbox 873 2668 955 2708; x_wconf 72' lang='lat' dir='ltr'><strong>&#39;sed</strong></span> <span class='ocrx_word' id='word_1_307' title='bbox 995 2669 1146 2720; x_wconf 84' lang='lat' dir='ltr'><strong>sprevit</strong></span> <span class='ocrx_word' id='word_1_308' title='bbox 1182 2674 1349 2719; x_wconf 88' lang='lat' dir='ltr'><strong>propter</strong></span> <span class='ocrx_word' id='word_1_309' title='bbox 1389 2682 1647 2709; x_wconf 88' lang='lat' dir='ltr'><strong>numerorum</strong></span> 
     </span>
     <span class='ocr_line' id='line_1_37' title="bbox 206 2736 1702 2796; baseline 0.001 -20"><span class='ocrx_word' id='word_1_310' title='bbox 206 2736 410 2777; x_wconf 81' lang='lat' dir='ltr'><strong>levitatem</strong></span> <span class='ocrx_word' id='word_1_311' title='bbox 445 2737 486 2777; x_wconf 85' lang='lat' dir='ltr'><strong>iu</strong></span> <span class='ocrx_word' id='word_1_312' title='bbox 524 2738 613 2777; x_wconf 88' lang='lat' dir='ltr'><strong>loco</strong></span> <span class='ocrx_word' id='word_1_313' title='bbox 655 2740 717 2778; x_wconf 70' lang='lat' dir='ltr'><strong>ml</strong></span> <span class='ocrx_word' id='word_1_314' title='bbox 743 2738 932 2790; x_wconf 80' lang='lat' dir='ltr'><strong>tragicam</strong></span> <span class='ocrx_word' id='word_1_315' title='bbox 970 2736 1206 2790; x_wconf 80' lang='lat' dir='ltr'><strong>gravitatem</strong></span> <span class='ocrx_word' id='word_1_316' title='bbox 1247 2739 1483 2790; x_wconf 87' lang='lat' dir='ltr'><strong>composito.</strong></span> <span class='ocrx_word' id='word_1_317' title='bbox 1543 2739 1645 2782; x_wconf 87' lang='lat' dir='ltr'><strong>Vide</strong></span> <span class='ocrx_word' id='word_1_318' title='bbox 1701 2753 1702 2796; x_wconf 73' lang='lat'><em>}</em></span> 
     </span>
    </p>
   </div>
  </div>
 </body>
</html>
