1702 3158
387 166 678 212 ΠΟΙΗΤΑΙ
705 190 762 200 -·
791 162 1185 208 HOAYKAEIA.
1423 167 1527 207 *469

159 286 400 328 Athenaeus
433 285 491 326 ΙΙΙ
533 297 574 338 p.
604 283 732 323 74e:
770 275 947 332 ”Αλεξις
990 276 1040 320 δ’
1079 279 1125 322 ἐν
1168 276 1345 336 Ποιητῇ
1387 277 1527 333 φησίν

43 354 101 398 ‘O
130 351 408 410 συκοφάντης
436 353 523 396 κτλ.
593 354 665 394 Vs.
697 355 723 392 2
766 348 852 391 ἔδει
891 348 974 408 γὰρ
1003 351 1093 395 κτλ.
1151 353 1285 394 Recte
1314 351 1525 405 Schweig-

45 430 274 470 haeuserus
311 428 471 479 ‚‚Mihi‚
511 438 603 466 eum
645 420 924 477 συκοφάντης
968 425 1137 478 proprie
1171 425 1282 465 idem
1313 423 1526 463 valeatne

35 498 160 541 ,σῦκα
191 496 374 554 φαίνων,
404 498 485 537 hoc
514 495 623 536 visus
655 497 718 534 est
743 499 867 546 poeta
898 495 1062 536 dicere:
1094 509 1244 536 nomen
1274 491 1400 545 σῦκα,
1430 505 1524 534 cum

50 584 153 613 voce
193 565 360 625 φάντης
395 567 689 620 compositum,
729 565 907 605 debebat
944 579 1095 607 nomen
1138 567 1348 607 declarare
1386 577 1525 605 mores

50 642 228 683 hominis
256 640 375 694 probi
406 642 447 678 et
474 637 621 685 suavis,
653 649 802 688 nempe
836 635 905 687 qui
935 636 1039 676 ficos
1074 651 1173 690 prae
1204 650 1249 677 se
1279 637 1412 676 ferret
1438 636 1466 676 i.
1485 648 1523 676 e.

49 713 179 754 bonos
209 715 250 751 et
279 722 426 750 suaves
457 721 593 748 mores
624 706 890 746 ostenderet:
922 719 1045 756 nunc,
1078 720 1170 746 cum
1202 708 1379 747 hominis
1409 706 1525 759 pravi

46 794 196 824 nomen
225 794 275 821 ex
304 780 376 820 illo
409 780 523 820 suavi
552 779 717 819 nomine
756 778 810 817 sit
840 778 1113 830 compositum
1161 779 1215 828 (i.
1249 792 1286 819 e.
1327 790 1419 818 cum
1450 790 1525 817 no-

45 865 140 893 men
180 864 230 892 ex
264 851 336 890 ino
377 849 490 890 suavi
527 849 727 889 vocabulo
772 845 909 887 σῦκον
950 849 1225 901 compositum
1266 853 1444 901 ponatur
1481 848 1525 888 in

43 921 210 962 homine
239 923 385 974 pravo)
415 920 556 961 nescio
588 932 662 960 cur
691 919 747 960 ita
776 918 935 959 factum
965 920 1031 959 sit.
1074 919 1181 960 Puto
1212 923 1351 958 autem
1383 917 1525 959 dicere

43 993 115 1033 illa
144 993 410 1046 peregrinum
439 990 650 1031 hominem
668 1020 680 1040 ,
723 991 789 1030 cui
828 990 1012 1031 insolens
1043 989 1154 1030 visus
1184 994 1294 1030 esset
1323 989 1395 1029 ille
1426 1000 1525 1029 usus

43 1064 232 1105 vocabuli
260 1056 540 1115 συκοφάντης
577 1062 686 1116 apud
716 1060 917 1104 Atticos.”
988 1061 1144 1102 Con-aes
1184 1073 1245 1102 vs.
1276 1061 1305 1101 4
1344 1072 1522 1115 προστι«

50 1132 195 1175 θέντα
224 1134 480 1176 conficiebat.

751 1235 805 1275 Π.

783 1312 917 1358 Πάνυ
947 1331 988 1358 τι
1019 1312 1241 1372 βούλομαι

267 1399 381 1447 οὕτω
410 1402 634 1458 γελᾶσθαι
662 1403 737 1444 καὶ
767 1399 903 1457 γελοῖ’
933 1399 1003 1443 ἀεὶ
1032 1402 1173 1457 λέγειν

267 1489 376 1546 μετὰ
405 1487 484 1532 τὸν
515 1486 722 1544 Κόρυδον
750 1483 934 1543 μάλιστ’
965 1484 1240 1540 Ἀθηναίων
1269 1483 1395 1531 πολύ.

155 1579 394 1621 Athenaeus
423 1578 481 1620 Vl
513 1591 556 1630 p.
584 1577 737 1617 241d:
777 1568 847 1616 ὅτι
889 1574 934 1615 δὲ
975 1573 1122 1627 γελοῖα
1152 1572 1294 1628 ἔλεγεν
1322 1571 1346 1614 ὁ
1377 1568 1523 1630 Κόρυ-

46 1649 122 1699 δος
156 1650 231 1690 καὶ
267 1647 339 1690 ἐπὶ
378 1643 550 1695 τούτοις
590 1645 815 1700 γελᾶσθαι
854 1643 1021 1697 ἤθελεν
1051 1642 1075 1686 ὁ
1105 1641 1241 1695 αὐτὸς
1267 1643 1448 1697 ”Αλεξις
1477 1643 1525 1686 ἐν

48 1720 268 1771 Ποιηταῖς
297 1732 410 1776 φησι
437 1713 571 1758 Πάνυ
600 1731 643 1758 τι
671 1716 762 1759 κτλ.
819 1719 891 1762 Vs.
925 1720 949 1758 1
982 1713 1100 1758 πάνυ
1129 1731 1172 1758 τι
1202 1719 1249 1759 C.
1310 1713 1427 1758 πάνυ
1455 1730 1524 1757 τοι

47 1794 171 1837 PVL.
209 1818 266 1826 --
303 1792 377 1835 Vs.
405 1792 433 1832 2
463 1782 576 1831 οὕτω
607 1792 656 1832 Β.
686 1782 824 1836 οὕτως
851 1790 939 1832 VL.
969 1778 1096 1838 οὗτος
1126 1790 1174 1832 C.
1204 1781 1331 1838 οἵτος
1361 1790 1409 1832 Ρ.

505 1965 1045 2012 ΠΟΙΗΤΡΙΑ.

394 2080 481 2133 ‘529
509 2082 582 2125 ἐπὶ
612 2080 668 2123 τὰ
699 2081 841 2125 πολλὰ
871 2082 1002 2124 τοῦτο
1035 2081 1158 2128 ποιῶ.

158 2171 303 2213 Pollux
336 2171 394 2212 lx
425 2170 534 2211 153:
572 2168 644 2210 ἐπὶ
682 2168 879 2221 πλῆθος,
920 2167 991 2209 ἐπὶ
1030 2166 1080 2209 τὸ
1111 2164 1244 2220 πολύ,
1280 2166 1337 2217 ὠς
1366 2167 1438 2209 ἐπὶ
1468 2164 1519 2208 τὸ

49 2239 236 2292 πλῆθος,
262 2237 320 2290 ὠς
349 2239 420 2282 ἐπὶ
451 2238 506 2281 τά
534 2235 689 2282 πολλά.
731 2238 860 2280 τοῦτο
890 2241 970 2293 μὲν
1000 2237 1082 2294 γὰρ
1103 2235 1282 2291 ’'Aaegtg
1311 2239 1358 2280 ἐν
1373 2239 1518 2290 Ποιη-

47 2308 147 2370 τρίᾳ
175 2311 339 2367 εἴρηκεν
362 2308 450 2362 ‘529
479 2310 551 2354 ἐπὶ
583 2308 638 2351 τά
668 2307 809 2351 πολλὰ
838 2309 968 2351 τοῦτο
999 2309 1124 2355 ποιῶ.

468 2491 518 2532 Π
552 2490 586 2533 Ο
616 2492 662 2534 Λ
699 2491 734 2532 Υ
759 2491 804 2531 Κ
831 2491 879 2533 Λ
906 2492 947 2532 Ε
979 2491 996 2531 I
1030 2492 1087 2532 A.

265 2599 323 2644 ‘O
353 2602 519 2660 πρῶτος
548 2601 684 2661 εὑρών
713 2604 887 2659 κομψὸς
914 2595 970 2655 ἧν
999 2600 1260 2661 τραγήματα
1277 2619 1288 2629 ·

274 2686 352 2727 τοῦ
379 2688 627 2744 συμποσίου
656 2687 738 2746 γάρ
770 2687 1004 2746 διατριβὴν
1032 2688 1170 2746 ἐξεῦρέ
1201 2705 1306 2739 πως,

275 2765 455 2825 κᾶργούς
486 2771 595 2829 ἔχειν
623 2774 841 2830 μηδέποτε
875 2773 950 2825 τὰς
980 2771 1208 2829 σιαγόνας.
