1656 3146
241 143 325 185 712
821 142 1120 185 Timocms·

613 296 1331 382 TlMoans

691 504 1255 551 ΑΙΓΥΙΙΤΙΟΙ.

250 593 305 634 At
333 590 537 644 quomodo
570 590 744 643 aliquem
774 595 842 632 aut
871 591 981 632 cauis
1009 596 1078 631 aut
1106 592 1182 632 ibis
1211 593 1413 647 sospitet?

252 674 347 703 nam
377 662 413 701 ai
441 661 483 701 in
513 660 725 702 confessos
754 661 822 712 qui
850 661 959 702 Deos
989 666 1082 701 sunt
1109 662 1222 715 impii

250 729 495 783 supplicium
525 730 728 783 extemplo
757 731 925 770 sceleris
955 743 1035 771 non
1066 732 1249 783 pendunt
1278 731 1356 783 sui,

251 799 381 841 altare
408 797 505 840 felis
535 799 739 851 quomodo
769 799 946 852 aliquem
976 802 1198 842 everterit?

757 963 1206 1007 ΔΗΛΟΣ.

252 1050 303 1092 Δ.
333 1049 508 1089 Talenta
538 1048 827 1102 quinquaginta
853 1049 977 1088 habet
1006 1049 1319 1092 Demosthenes.

251 1118 299 1161 B.
328 1119 480 1158 Beatus
508 1118 543 1158 si
572 1117 785 1170 participat
812 1118 908 1158 inde
937 1119 1157 1163 neminem.

250 1188 301 1231 A.
331 1188 386 1227 Et
414 1187 503 1227 auri
533 1187 612 1226 vim
643 1200 722 1227 non
754 1199 917 1239 parvam
947 1189 1104 1240 accepit
1133 1189 1372 1231 Metrocles.

251 1257 299 1300 Β.
331 1256 449 1297 Felix
478 1257 547 1308 qui
576 1256 753 1309 accepit:
784 1257 932 1301 stultus
962 1261 1098 1301 autem
1128 1259 1196 1310 qui
1227 1259 1351 1301 dedit.

251 1327 303 1368 A.
330 1326 501 1379 Accepit
531 1326 654 1366 etiam
683 1327 841 1367 nemon
871 1329 911 1365 et
941 1327 1228 1368 Callisthenes.

251 1395 300 1436 Β.
331 1395 472 1436 Danda
502 1395 568 1435 hls
598 1400 660 1435 cst
688 1396 829 1435 venia:
860 1408 951 1435 nam
981 1397 1245 1449 pauperiores
1275 1402 1405 1439 erant.

252 1465 303 1507 A.
332 1464 470 1504 Habet
500 1467 542 1504 et
571 1465 806 1517 Hyperides
837 1470 1021 1517 promtus
1051 1467 1298 1518 eloquentia.

252 1534 301 1575 B.
332 1532 532 1574 Piscarios
561 1533 716 1582 ditabit,
749 1539 885 1574 tantus
914 1535 1086 1587 piscium

255 1601 439 1652 comedo,
469 1603 545 1646 lari
576 1608 621 1647 ut
650 1603 742 1660 Syri
773 1604 867 1653 sint,
897 1605 931 1650 si
961 1605 1011 1650 ad
1043 1617 1135 1650 eum
1166 1618 1390 1664 compares.

613 1766 1117 1810 ΔΙΟΝΥΣΙΑΖΟ
1141 1769 1348 1830 ΥΣΑΙῖ

253 1852 435 1895 Advorte
465 1851 589 1893 sodes
619 1866 714 1894 num
743 1853 839 1906 quid
870 1867 919 1894 ex
948 1867 1024 1894 usu
1053 1855 1212 1907 loquar.

253 1923 446 1964 miserum
478 1927 624 1975 suapte
653 1928 796 1964 natura
826 1924 972 1964 animal
1003 1929 1065 1964 est
1094 1925 1231 1973 homo,

256 1997 299 2032 et
326 1993 407 2033 vita
436 1997 586 2045 quanta
614 1996 763 2044 quanta
791 1998 854 2033 est
883 1998 1013 2033 scatet
1042 1994 1335 2036 incommodis:

253 2061 475 2105 lenimenta
503 2061 597 2103 ideo
629 2062 738 2103 curis
767 2067 810 2102 et
838 2062 983 2102 solatia

254 2130 331 2171 nihi
359 2131 449 2183 ipsa
476 2131 645 2183 reperit.
704 2143 875 2183 namque
904 2144 1019 2173 mens
1047 2133 1201 2186 proprii
1229 2132 1323 2173 mali

256 2199 397 2249 oblita,
426 2199 566 2240 alienis
595 2200 691 2241 dum
721 2214 767 2241 se
796 2201 947 2241 mulcet
975 2201 1163 2251 miseriis,

255 2268 484 2311 doctrinam
513 2269 666 2322 pariter
696 2282 788 2310 cum
818 2270 1027 2323 voluptate
1055 2272 1228 2316 imbibit,

255 2338 430 2390 primum
461 2339 692 2391 tragoedos,
724 2340 758 2378 si
787 2339 935 2392 placet,
966 2341 1196 2390 considera,

254 2419 375 2459 quam
403 2408 546 2461 pulcra
576 2410 673 2450 dent
705 2409 973 2449 documenta:
1003 2423 1095 2450 nam
1126 2412 1194 2462 qui
1224 2422 1379 2462 pauper
1408 2413 1470 2450 est

252 2476 325 2519 ubi
354 2479 641 2530 pauperiorem
673 2491 717 2517 se
748 2479 937 2531 cognovit
967 2479 1214 2531 Telephum,

252 2545 310 2586 ibi
331 2551 621 2598 ‘paupertatem
651 2547 734 2589 fert
763 2560 877 2588 suam
906 2549 1141 2600 patientius.

251 2614 483 2671 lymphatus
514 2617 659 2671 aliquis
689 2618 976 2665 Alcmaeonem
1007 2619 1218 2673 conspicit,

254 2685 384 2729 oculis
414 2686 602 2729 laborans
634 2700 779 2729 caecos
810 2688 1004 2728 Phinidas
1035 2676 1157 2734 videt,
