1702 3158
464 186 726 230 FABULAE
766 183 1072 227 INCERTAE.
1422 180 1501 222 141

27 305 98 347 Vs.
128 305 156 345 2
202 300 424 343 σκιασθὲν
467 315 542 355 pro
581 297 683 340 σκιὰ
719 299 794 340 καὶ
834 297 1129 342 Valckenarius
1165 295 1217 337 ad
1258 294 1502 336 Callimachi

29 375 150 427 Eleg.
181 389 221 427 p.
251 374 349 415 258.
406 399 460 405 —
520 374 590 414 Vs.
621 373 648 412 3
677 366 816 427 κύκλῳ
843 366 1025 424 χορεῦον
1053 368 1097 409 h.
1128 381 1165 409 e.
1196 361 1503 419 κυκλούμενον,

29 445 70 486 in
102 446 244 485 orbem
285 446 336 484 ab
365 445 445 485 alio
478 444 671 496 deinceps
713 443 763 483 ad
804 442 929 482 alium
960 439 1169 481 convivam
1201 438 1504 479 circumlatum.

30 515 251 569 Lycophro
291 515 399 569 apud
443 515 560 567 Diog.
591 515 729 554 Laert.
763 514 799 553 ll
831 513 936 553 14⁰:
973 506 998 560 ἡ
1042 506 1151 564 βαιὰ
1190 504 1314 560 κύλιξ
1352 504 1504 557 αὐτοῖς

28 583 261 627 κυκλεῖται.
320 586 538 639 Euripides
571 587 708 626 Cress.
740 585 843 624 Xll:
885 578 1055 630 κύλικος
1092 576 1307 636 ἑρπούσης
1345 576 1500 635 κύκλῳ.

29 657 189 697 Eodem
230 656 408 710 pertinet
447 657 582 696 Nonni
614 656 732 696 Dion.
764 656 864 695 Xlll
896 655 980 696 264
1017 650 1314 694 παλίννοστον
1349 645 1506 691 κύπελ-

29 723 120 767 λον.
179 727 304 767 Plura
335 727 470 766 attulit
502 727 795 767 Valckenarius
826 726 852 766 Ι.
882 727 910 767 l.
949 752 1004 757 —
1043 725 1116 767 vs.
1147 725 1173 763 6
1203 720 1507 777 ἐστραμμένον

29 810 104 851 pro
145 794 460 851 ἐστραμμένοις
502 797 797 838 Villebruniua.
864 795 1162 838 Valckenarius
1199 791 1506 847 ἐστραμμένοι,

29 867 140 921 quod
169 881 250 908 non
282 872 420 921 aptum
451 867 531 908 hoc
561 868 667 908 loco.
729 867 865 909 Verba
896 861 1015 905 τᾶνω
1043 859 1160 905 κάτω
1191 878 1284 907 eum
1315 862 1504 920 ἐστραμ-

30 937 162 992 μένον
191 939 476 992 coniungenda
508 943 616 979 sunt.

706 1060 818 1102 XVI.

142 1147 381 1189 Athenaeus
413 1147 429 1187 1
459 1160 502 1199 p.
533 1147 590 1186 28
606 1146 651 1186 d:
691 1142 934 1184 ἐπαινεῖται
972 1138 1109 1193 ὅντως
1140 1140 1164 1184 ὁ
1198 1139 1408 1194 Ἀττικὸς
1436 1145 1505 1187 κε’·

30 1230 184 1272 ραμος.
241 1213 465 1270 Εὔβουλος
496 1214 542 1255 δέ
571 1229 679 1270 φησι
714 1213 911 1266 ,,Κνι’ὂια
940 1211 1150 1270 κεράμια,
1189 1215 1394 1257 Σικελικὰ
1421 1217 1501 1270 βα.

29 1284 180 1338 τάνια,
212 1274 737 1341 ΜεγαρικὰαπιθάκνιαΡ
792 1281 1067 1340 Ἀντιφάνης
1098 1285 1146 1326 δέ
1183 1285 1348 1328 Νᾶπυ
1393 1285 1504 1329 Κύ-

30 1370 221 1413 πριον,
269 1357 363 1397 καὶ
402 1353 722 1410 σκαμωνίας
773 1352 931 1407 ὀπόν,
978 1353 1277 1414 κάρδαμον
1322 1356 1506 1410 Μιλή-

31 1441 174 1478 σιον,
212 1424 492 1482 κρόμμυον
527 1423 958 1484 Σαμοθρᾴκιον,
996 1426 1217 1469 ’καυλὸν
1257 1428 1312 1470 ἐκ
1357 1430 1506 1487 Καρ-

27 1494 267 1556 χηδόνος
312 1498 401 1539 καὶ
461 1495 718 1552 σίλφιον,
773 1494 964 1553 θύμον
1009 1494 1328 1552 Ὑμήττιον,
1379 1497 1506 1558 ὀρί-

29 1583 197 1625 γανον
252 1567 546 1610 Τενέδιον.”
628 1571 753 1611 Hunc
806 1571 944 1612 locum
992 1571 1202 1624 aliquanto
1247 1575 1505 1618 emendatius

28 1645 224 1697 seriptum
254 1642 401 1682 Pollux
432 1641 488 1682 Vl
521 1642 574 1680 67
606 1654 654 1680 ex
686 1642 838 1681 Eubuli
870 1642 1027 1682 Glauco
1058 1643 1219 1693 attulit,
1250 1645 1367 1686 cuius
1396 1647 1506 1686 inter

28 1715 257 1768 fragmenta
303 1725 398 1752 eum
442 1712 668 1764 posuimus.
743 1712 788 1752 ln
828 1713 1045 1753 Athenaeo
1081 1714 1116 1754 si
1154 1715 1266 1766 quod
1308 1722 1503 1767 erratum,

32 1798 155 1840 quum
183 1785 218 1825 is
256 1788 299 1824 et
328 1783 494 1824 Eubulo
536 1787 577 1822 et
606 1782 842 1835 Antiphane
880 1784 1055 1824 testibus
1090 1790 1251 1835 utatur,
1290 1787 1506 1828 Dindortio

30 1857 133 1899 haec
155 1854 331 1897 maxime
354 1854 578 1906 probabilis
609 1855 811 1894 correctio
845 1855 1008 1895 videtur
1037 1859 1083 1895 ut
1110 1855 1262 1897 horum
1292 1858 1505 1900 nominum

31 1927 151 1969 sedes
180 1929 496 1967 commutentur.
555 1926 639 1966 Sed
671 1926 735 1966 cfr
764 1926 874 1967 Hist.
906 1927 996 1967 crit.
1027 1939 1068 1980 p.
1098 1926 1196 1968 36⁰.

582 2049 716 2091 XVII.
776 2051 934 2092 XVIII.

247 2127 360 2172 Ἐὰν
388 2133 469 2186 μὲν
497 2128 583 2188 ἄρα
614 2132 770 2188 πέπερι
799 2135 910 2191 φέρῃ
941 2148 1005 2184 τις
1036 2131 1287 2190 πριάμενος,

250 2216 490 2273 στρεβλοῦν
518 2213 743 2274 γράφουσι
772 2217 931 2260 τοῦτον
958 2217 1017 2269 ὠς
1045 2216 1341 2262 κατάσκοπον.

252 2384 350 2426 Νῦν
378 2386 448 2428 δεῖ
471 2383 677 2444 περιόντα
709 2388 860 2447 πέπερι
889 2390 965 2432 καὶ
993 2387 1163 2446 καρπὸν
1192 2387 1348 2444 βλίτου

253 2469 404 2521 ζητεῖν.

145 2571 383 2615 Athenaeus
416 2574 453 2614 ll
483 2588 524 2627 p.
557 2576 610 2614 66
626 2576 672 2615 d:
710 2569 779 2616 ὅτι
823 2571 883 2626 εἷς
924 2574 973 2618 τὸ
1012 2572 1223 2631 πρόπομα
1252 2578 1327 2618 καὶ
1358 2576 1499 2619 ταῦτα

34 2634 331 2692 ἐνεβάλλοντο,
360 2643 523 2698 πέπερι,
554 2643 725 2699 φυλλίς,
757 2645 945 2704 σμύρνα,
976 2643 1192 2704 κύπειρον,
1207 2646 1350 2705 μύρον
1361 2644 1500 2704 Αἰγύ-

36 2719 182 2782 πτιον.
231 2707 502 2768 Ἀντιφάνης
537 2710 648 2755 Ἐὰν
685 2719 765 2770 μὲν
803 2715 890 2773 ἄρα
928 2747 982 2752 —
1012 2715 1307 2764 κατάσκοπον.
1365 2718 1500 2762 πάλιν

36 2775 134 2817 Mat
163 2775 233 2818 δεῖ
254 2781 344 2824 κτλ.
399 2787 683 2840 „Antiphanes
713 2790 754 2830 in
785 2791 1060 2844 sycophantas
1090 2793 1387 2843 Athenienses,
1418 2794 1496 2834 nisi
