1702 3158
268 184 354 232 ΒΜ
793 185 1176 228 ΑΝΤΙΡΗΆΞΝΕΕ.’

590 347 974 392 ΚΝΟΙΘΙΔΕ-ΥΣ
1009 352 1065 392 Η
1090 350 1400 396 ΓΛΣΤΡΩΝ.

270 436 360 485 Ego
391 433 563 473 antehac
591 435 745 487 scirpos
773 437 843 489 qui
871 437 979 477 inter
1007 437 1148 488 epulas
1175 439 1360 479 solvere,

268 504 422 552 iubent,
452 504 643 555 putabam
674 516 801 557 nugas
829 507 973 558 nugari
1005 519 1153 555 meras,

269 577 311 612 ct
338 574 379 612 id
409 573 520 624 loqui
551 574 657 624 quod
690 579 877 616 nonest.
936 577 969 616 si
999 577 1089 627 quis
1121 577 1280 616 ordine-

267 642 345 682 fari
375 648 483 682 esset
511 644 658 692 iussus,
689 644 787 695 quid
814 645 921 685 ferat
951 647 1040 696 quis
1070 659 1147 686 nec
1176 645 1295 695 ferat,

266 713 463 761 ridebam,
492 712 642 764 quippe
672 714 843 754 credens
874 727 964 754 esse
993 715 1171 755 inanius:

268 795 344 821 nec
364 783 470 821 euim
500 783 724 822 arbitrabar
753 774 823 823 eos
852 784 961 835 quod
991 797 1057 823 res
1089 784 1151 824 est
1181 783 1340 834 dicere,

268 852 340 891 sed
370 851 562 891 insidiari.
620 853 692 892 sed
722 864 830 892 nunc
856 865 1000 893 verum·
1028 854 1208 906 comperi

268 921 423 960 dictum
445 921 579 960 ¹illude
611 934 702 961 nam
729 920 977 962 contulimus
1007 923 1058 962 ad
1087 931 1255 963 coenam
1285 919 1429 961 decem
1486 918 1491 922 ’

266 990 468 1039 homines,
499 1002 575 1029 nec
606 991 816 1041 quisquam
845 991 954 1043 quod
985 992 1180 1032 collatum
1205 997 1267 1032 est
1296 986 1481 1031 contulit.

266 1060 348 1098 hoc
376 1059 479 1098 illud
511 1071 609 1110 ergo
641 1061 716 1108 est,
748 1060 856 1110 quod
886 1061 974 1111 quis
1004 1060 1102 1109 fert,
1131 1073 1208 1100 nec
1235 1060 1319 1101 fert
1347 1059 1527 1100 tament
1571 1071 1574 1075 “
1620 1119 1625 1129 ‚

265 1128 581 1180 perplexiloquii
609 1127 745 1168 fuerat
773 1128 877 1168 haec
905 1130 1118 1169 sententia.

267 1210 408 1237 verum
438 1197 501 1237 his
529 1196 716 1249 profecto
745 1203 809 1238 est
837 1202 947 1238 astus
977 1196 1279 1239 condonabilis:

266 1271 308 1306 at
337 1268 404 1306 alii
433 1267 556 1307 rebus
586 1267 684 1319 ipsis
713 1268 923 1308 innectunt
951 1268 1081 1317 dolos,

266 1337 484 1389 pecuniam
515 1337 584 1389 qui
614 1337 765 1377 nullam
795 1343 1036 1378 numerant:
1067 1338 1176 1390 quod
1205 1338 1311 1378 solet

265 1405 493 1459 Philippus.
550 1407 597 1446 B.
626 1407 864 1457 Hominem,⁴
889 1407 972 1459 pol,
1002 1409 1210 1447 sollertem
1242 1405 1466 1459 praedicas.
1538 1407 1540 1410 '

756 1571 880 1612 ΛΗ
912 1547 1281 1613 ΜΝ1’Λ].’·

263 1661 404 1712 Ecqua
435 1662 496 1698 est
523 1661 592 1698 aut
622 1669 713 1696 esse
742 1658 869 1710 possit
898 1671 963 1697 ars
993 1658 1201 1703 venustior

265 1735 335 1770 aut
364 1733 556 1780 quaestus
586 1727 731 1767 melior
761 1740 879 1779 quam
911 1728 1146 1768 assentandi
1175 1724 1421 1766 industria?

264 1800 396 1852 pictor
419 1799 578 1837 laborat
607 1802 648 1837 et
677 1797 752 1837 sibi
781 1797 871 1849 ipse
901 1797 1103 1845 irascitur,

265 1869 405 1909 multis
436 1867 600 1920 periclis
629 1866 807 1919 agricola
838 1871 901 1906 est
929 1860 1139 1913 obnoxius,

264 1940 529 1979 circumstant
556 1937 658 1976 alios
689 1939 869 1975 moestae
902 1935 1223 1974 sollicitudines:

263 2012 305 2048 at
338 2008 454 2047 nobis
485 2007 565 2046 vita
598 2006 637 2045 in
667 2006 751 2044 risu
783 2004 1014 2044 ‹et-deliciis
1045 2003 1146 2042 fluit.

261 2078 365 2118 haec
395 2089 507 2129 ergo,
537 2086 718 2117 summus
746 2075 786 2114 in
818 2086 896 2125 qua
925 2074 1040 2116 labor
1069 2075 1144 2120 est,
1174 2069 1333 2118 ludere,

260 2148 397 2187 ridere
426 2153 468 2186 et
496 2146 671 2185 irridere
704 2150 746 2184 et
774 2148 919 2196 potare
949 2143 1116 2190 affatim,

260 2230 341 2258 non
371 2217 535 2257 suavis?
566 2216 665 2255 mihi
696 2219 809 2255 certe
838 2227 861 2253 a
889 2213 1036 2267 divitiis
1066 2210 1259 2266 proxima.

758 2380 1220 2428 ΛΥΚΩΝ.

262 2478 369 2517 Tum
399 2475 525 2515 rebus
556 2474 645 2513 aliis
675 2474 786 2512 aiunt
816 2486 906 2512 esse
935 2469 1158 2523 Aegyptios
1207 2523 1210 2525 ,
1259 2512 1261 2514 ,
1420 2515 1421 2518 ¹

260 2547 464 2595 sollertes,
494 2550 580 2585 tum
611 2542 719 2594 quod
748 2543 967 2595 anguillam
998 2539 1261 2591 aequiparant
1289 2535 1398 2575 Deis.

262 2615 358 2667 quin
389 2627 485 2654 vero
515 2614 638 2664 longe
669 2617 731 2651 est
758 2612 828 2652 illa
859 2611 929 2651 Di·
960 2609 1198 2662 pretiosior:
1219 2651 1238 2661 f

261 2698 353 2725 nam
384 2683 481 2724 solis
511 2682 703 2735 precibus
733 2680 849 2720 nobis
879 2693 923 2720 se
951 2678 1165 2729 indulgent
1194 2676 1293 2723 Dei;

261 2759 302 2795 at
330 2754 457 2802 illam,
487 2751 700 2791 drachmas
730 2750 879 2790 solidas
910 2761 1001 2788 cum
1031 2746 1194 2786 dederis
1226 2745 1381 2792 decem,
