1702 3158
247 177 302 216 oo
601 145 609 153 ’
789 175 1130 219 ΑΝΤιΡΗΑΝιε

246 291 359 326 neat.
419 286 464 325 ld
506 300 602 327 vero
640 288 805 328 minime
845 260 1033 328 cohvenit
1071 290 1111 329 in
1151 290 1427 330 Aristotelem.
1497 293 1666 332 Existim

247 360 382 394 autem
412 355 512 395 haec
543 357 593 395 de
623 358 819 409 Euripide
847 359 1001 398 minore
1032 358 1133 407 dici,
1173 359 1223 397 de
1263 372 1342 410 quo
1373 359 1436 397 cfr
1465 361 1672 401 Boeckhiu

245 425 286 464 in
315 425 419 464 libro
450 425 500 464 de
531 426 714 476 Tragicis
743 440 876 479 graec.
908 441 946 479 p.
977 429 1071 467 226.
1142 428 1253 466 Idem
1295 430 1604 468 commemorari
1634 431 1671 469 vi

247 494 367 532 detur
418 494 467 532 ab
527 495 717 546 Ephippo
771 496 929 547 Epheb.
981 496 1015 534 ll
1070 498 1110 535 et
1159 497 1443 535 Anaxandride
1491 498 1588 536 Ner.
1638 499 1677 537 11

246 563 491 602 Schmidtius
531 569 691 613 autem,
730 565 798 615 qui
839 577 913 616 pro
957 561 1171 620 Εὐριπίδῃ
1202 566 1460 605 scribendum
1492 552 1690 606 existima

245 627 508 684 Εὐριπίδου,
548 632 617 672 illo
648 646 767 672 versu
798 634 1028 674 Aristotelis
1059 648 1246 687 operam,
1287 648 1405 686 quam
1444 635 1645 687 tragicoru

244 705 456 752 poetarum
486 702 619 740 studio
650 703 855 753 totiusque
886 704 981 742 artis
1014 705 1198 755 poeticae
1229 703 1447 755 cognitioni
1478 704 1674 755 impendit

244 770 413 809 indicari
450 770 634 810 credidit.
701 771 782 810 Sed
822 772 891 810 tali
925 773 1250 825 interpretationi
1286 774 1327 811 in
1369 773 1502 811 verbis
1541 777 1660 824 poeta

244 839 399 878 nullum
436 839 682 890 praesidium
721 843 795 880 est.
861 841 1014 891 Itaque,
1041 855 1107 880 res
1143 842 1183 879 in
1215 842 1402 893 ambiguo
1432 841 1674 892 relinquitur

245 908 363 960 Quod
406 908 521 947 initio
558 907 650 960 frag
695 909 777 947 enti
814 909 968 960 legitur
999 903 1256 960 ὀρχούμενον
1285 909 1378 955 ταῖς
1404 907 1544 962 χερσί,
1585 923 1662 961 qna

243 978 366 1018 verba
405 977 527 1017 etiam
563 977 612 1015 ab
692 977 870 1016 ustathio
916 977 965 1015 ad
1005 977 1117 1016 lliad.
1159 991 1198 1028 p.
1234 978 1312 1016 159
1349 977 1404 1016 45
1449 978 1679 1016 afferuntur

243 1059 325 1086 non
356 1046 408 1085 de
438 1045 652 1085 saltatione
681 1045 754 1084 sed
784 1045 835 1084 de
864 1046 977 1084 molli
1024 1050 1064 1085 et
1095 1046 1265 1085 delicata
1294 1059 1483 1085 manuum
1513 1047 1669 1099 gesticu
1700 1083 1702 1085 ,

243 1114 393 1154 latione
422 1114 505 1153 sive
532 1099 784 1167 §gacpovopu'q
823 1114 1133 1166 intelligendum
1173 1118 1247 1154 est.
1314 1115 1363 1156 V.
1393 1115 1645 1155 Schneideru

243 1184 294 1222 ad
335 1182 522 1234 Xenoph.
553 1182 692 1234 Symp.
724 1181 762 1223 H
794 1183 860 1223 19.
927 1183 988 1222 De
1028 1178 1212 1234 βάκηλος
1250 1183 1313 1222 cfr
1352 1184 1600 1223 Lobeckium
1637 1197 1660 1223 a
1696 1180 1699 1221 ζ

244 1252 397 1304 Phryn.
415 1265 454 1303 p.
471 1253 565 1292 272.
588 1276 636 1282 —
655 1252 771 1291 Haec
799 1253 855 1291 ita
884 1253 926 1292 in
956 1252 1138 1292 chartam
1168 1253 1351 1293 coniecta
1382 1253 1541 1292 ostendi
1557 1253 1669 1293 Tren
1695 1285 1697 1288 ,

243 1321 488 1374 delenbugio
519 1325 671 1369 nostro,
700 1322 786 1359 viro
816 1321 856 1360 in
885 1321 1050 1361 historia
1073 1322 1358 1374 philosophiae
1385 1322 1570 1373 gnaviter
1598 1335 1646 1361 ve
1701 1341 1702 1359 3

243 1395 344 1431 sato.
412 1391 452 1430 ls
488 1390 699 1441 respondit
739 1390 839 1429 mihi
871 1403 915 1430 se
945 1391 1207 1431 Heraclidem
1239 1392 1454 1431 Ponticum
1493 1391 1542 1430 ab
1572 1391 1668 1431 Ant·
1691 1389 1702 1448 ξ’

242 1461 378 1513 phane
417 1460 549 1499 notari
587 1459 836 1506 existimare;
873 1459 993 1498 simul
1038 1460 1231 1512 Diogenis
1261 1461 1413 1500 Laertii
1442 1460 1553 1500 locos
1583 1461 1669 1500 desi

242 1530 404 1582 gnabat,
434 1541 458 1567 e
486 1529 631 1578 quibus
662 1528 924 1568 Heraclidem
941 1529 1151 1568 Heraclito
1183 1530 1488 1581 interpretando
1518 1531 1645 1570 multu

243 1596 393 1651 operae
421 1597 668 1648 impendisse
693 1599 746 1647 *),
777 1597 903 1636 libro·
933 1598 984 1637 de
1014 1603 1101 1638 arte
1130 1598 1335 1637 rhetorica
1365 1599 1607 1651 condidisse,
1678 1584 1685 1590 Ἰ

243 1667 448 1718 Aeschylo
487 1666 694 1717 Sophocle
724 1670 766 1704 et
795 1666 993 1716 Euripide
1032 1671 1348 1706 commentatum
1385 1680 1476 1707 esse
1505 1670 1578 1718 **),
1618 1593 1691 1729 (ἰῇ

242 1738 365 1788 nique
395 1735 620 1786 elegantiae
650 1738 691 1772 et
713 1734 894 1784 corporis
915 1735 1084 1774 ornandi
1109 1736 1445 1774 studiosissimum
1464 1737 1592 1776 fuisse
1607 1735 1685 1786 *⁸¹⁴5

241 1805 495 1856 intelligitur.
554 1805 668 1854 Quae
698 1804 856 1850 omnia,
896 1803 931 1841 si
959 1803 1020 1841 rei
1061 1815 1257 1843 summam
1295 1809 1479 1855 spectas,
1515 1806 1557 1844 in
1596 1805 1685 1856 phift

240 1874 457 1926 losophum
496 1872 545 1911 ab
584 1871 816 1924 Antiphane
852 1870 1014 1910 irrisum
1050 1872 1109 1912 ita
1146 1873 1411 1921 conveniunt,
1452 1873 1516 1914 vix
1551 1877 1597 1914 ut
1636 1868 1685 1922 (Μ

241 1945 501 1985 coniecturae
530 1942 700 1982 veritate
730 1940 914 1981 dubitare
942 1940 1075 1982 liceat.
1597 1972 1599 1975 ,
1660 1947 1679 2008 Ἶξ

1658 2010 1678 2065 {i

330 2088 371 2131 ἥ)
392 2086 495 2128 Diog.
519 2085 634 2118 Laert.
651 2085 699 2118 IX
722 2084 782 2119 14:
814 2086 970 2119 πλεῖστοί
991 2097 1026 2119 τε
1048 2085 1112 2119 εἰσὶ
1116 2099 1131 2118 ν
1156 2085 1234 2121 ὅσοι
1257 2084 1434 2128 ἐξήγηνται
1465 2082 1570 2118 αὐτοῦ
1595 2084 1679 2128 (He-

241 2147 374 2187 racliti)
398 2142 438 2179 τὸ
465 2143 692 2188 σύγγραμμα·
725 2146 783 2178 καὶ
806 2141 873 2188 γὰρ
892 2140 1126 2188 Ἀντισθένης
1150 2146 1206 2178 και
1221 2142 1487 2189 ‘Ilpunletdnc‘
1474 2157 1492 2176 ο
1516 2129 1679 2202 Ilounuql

241 2205 431 2247 Κλεάνθης
452 2215 488 2236 τε
512 2202 581 2235 κτλ.
629 2203 723 2236 Idem
749 2203 777 2237 V
801 2204 847 2238 88
879 2203 915 2238 in
948 2203 1043 2237 libris
1075 2203 1269 2237 Heraclidis
1300 2206 1545 2237 commemorat
1570 2179 1677 2275 ἼΙραξξ

243 2267 374 2299 aldrov
399 2261 570 2306 ἐξηγήσεις
594 2257 634 2294 δ’.

318 2322 373 2364 **)
395 2322 499 2362 Diog.
522 2321 549 2353 V
573 2320 638 2353 87:
669 2322 726 2353 καὶ
748 2320 898 2364 μουσικὰ
923 2321 958 2354 δὲ
982 2320 1150 2365 περὶτῶν
1172 2317 1257 2363 παρ’
1281 2317 1368 2363 Εῧρι
1358 2319 1452 2366 ιηίὸῃ
1487 2318 1544 2351 καὶ
1565 2296 1669 2364 Σοφιῆ1

242 2444 305 2476 τοῦ
330 2435 522 2484 ῥητορεύειν
545 2436 568 2480 ἠ
590 2438 840 2483 Πρωταγόρας.

301 2500 380 2539 ***)
404 2498 505 2539 Diog.
531 2499 552 2530 l.
576 2498 598 2529 l.
623 2497 686 2530 86:
711 2493 814 2535 οὗτος
842 2498 971 2540 ἐσθῆτί
993 2510 1028 2530 τε
1052 2498 1188 2542 μαλακῇ
1215 2491 1334 2540 ῗχρῆτο
1359 2493 1415 2527 καὶ
1439 2489 1621 2538 ὑπέρογκος
1644 2507 1659 2527 v

243 2554 284 2593 τὸ
305 2558 406 2599 σῶμα
430 2555 644 2598 (Hemsterh.
657 2551 799 2599 σχῆμα),
824 2552 909 2590 ὥστε
932 2552 1039 2589 αὐτὸν
1063 2553 1129 2588 ὑπὸ
1155 2557 1223 2586 τῶν
1237 2551 1412 2586 Ἀττικῶν
1426 2552 1572 2595 (Ruhnk.
1588 2551 1654 2601 aa*

244 2615 336 2658 κῶν)
367 2613 415 2658 μὴ
446 2611 622 2647 Ποντικὸν
653 2610 739 2648 ἀλλὰ
770 2613 1008 2658 Πομυτικὸν
1039 2614 1233 2650 καλεῖσθαι.
1281 2607 1392 2656 πρᾷός
1423 2624 1459 2645 τε
1489 2608 1532 2653 ἦν
1554 2607 1595 2644 τὸ
1619 2613 1674 2657 βξῖ

245 2666 351 2719 δισμα
372 2672 429 2706 καὶ
452 2671 586 2715 σεμνός.
