1702 3158
506 181 608 222 ΤΡ]
614 180 698 222 TA
700 179 903 226 ΓΩΝΙΣ
906 180 1052 224 ΤΗΣ.
1435 186 1516 227 121

34 286 192 347 σχύλος
231 290 398 348 εἴρηκεν
423 322 478 330 -
507 293 579 336 ἐπὶ
610 293 657 335 δὲ
689 292 777 335 τῶν
809 292 930 352 παρὰ
959 294 1050 344 τοῖς
1079 288 1247 350 ἰατροῖς
1276 293 1518 353 ἐκλοὺτρων

35 359 371 416 ὀνομαζομένων
406 361 684 422 Ἀντιφάνης
716 365 763 407 ἐν
799 363 1064 423 Τραυματίᾳ
1096 366 1517 422 Κατεσκευασμένος

35 432 355 490 λαμπρότατον
392 431 583 492 ιάτρεῖον
618 436 666 478 ἐν
690 437 870 492 χαλκοῖς
901 435 1339 493 παντολουτηριδίοις
1369 437 1518 492 ἐξαλί-

35 519 188 561 πτροις
230 505 443 548 κυλικίσιν
486 505 681 550 σιτύεσιν
711 512 882 561 (Falck.
915 506 1168 563 σικύεσσιν)
1205 506 1512 556 ὑποθέτοισιν.

35 578 98 618 Ita
126 579 229 619 haec
259 579 453 633 leguntur
483 582 562 621 hoc
592 582 682 622 loco
714 583 754 622 in
785 584 1014 624 codicibus.
1087 583 1158 625 Vs.
1189 584 1216 623 2
1262 584 1413 637 scripsi
1444 580 1516 625 εὑ-

29 644 228 700 χάλκοις,
261 663 342 702 quo
373 657 517 704 aperte
548 653 702 693 ducunt
730 654 932 695 librorum
963 655 1163 695 lectiones
1193 651 1240 692 ἐν
1265 653 1443 707 χαλκοῖς
1472 660 1516 698 et

34 714 314 774 εὐλάμπροις.
346 747 399 754 —
434 724 504 764 Vs.
522 724 549 762 3
578 719 788 777 λουτήρια
809 725 956 766 Pollux
989 727 1288 778 interpretatur
1304 727 1356 767 de
1368 722 1516 767 ἐκλοὺ-

35 802 165 844 τροις,
194 792 236 831 in
267 792 414 843 quibus
445 794 642 834 eluuntur
681 801 724 834 et
753 802 984 848 purgantur
1020 796 1207 836 vulnera.
1274 797 1381 838 Tum
1418 793 1516 849 ἐξά-

34 859 216 915 λειπτρα
246 869 341 903 sunt
372 864 534 904 vascula
554 893 565 913 ‚
594 864 636 904 in
668 865 818 916 quibus
848 866 998 906 medici
1029 872 1240 919 unguenta
1271 871 1514 923 servabant3

33 929 274 986 κυλιχνίδες
303 935 453 976 ceteris
484 935 795 978 medicamentis
815 938 1028 978 servandis
1058 937 1350 980 inserviebant.
1382 941 1515 984 Hem-

35 1004 263 1046 sterhusius
312 1005 435 1045 affert
484 1006 781 1059 Hippocratem
824 1012 867 1048 et
912 1008 1059 1050 Galeni
1103 1008 1287 1051 Glossar.
1333 1025 1375 1064 p.
1414 1014 1513 1057 511.

34 1072 284 1128 κυλιχνίδας
314 1072 395 1124 τήν
421 1089 464 1115 τε
487 1073 648 1131 μικρὰν
672 1074 826 1117 κύλικα
843 1078 918 1118 καὶ
942 1076 1025 1129 τὴν
1044 1072 1244 1133 ἰατρικὴν
1267 1078 1514 1135 πιθάκνην.

38 1146 113 1187 cn·
141 1146 388 1199 Hesychius,
427 1145 641 1200 Κυλὶχνηε
676 1142 847 1202 ἰατρικὴ
878 1146 1004 1199 avg-ig
1032 1148 1108 1188 καὶ
1138 1146 1291 1204 φιάλη.
1335 1155 1425 1196 Nec
1454 1158 1514 1198 al-

37 1221 126 1257 tera
155 1216 287 1257 forma
318 1215 480 1265 κυλικὶς
510 1219 591 1259 hoc
622 1232 746 1260 sensu
777 1220 969 1260 inusitata
998 1220 1090 1261 fuit.
1148 1221 1388 1266 Athenaeus
1411 1227 1515 1270 XIII

34 1300 76 1339 p.
106 1287 191 1327 48⁰
209 1301 254 1327 c:
292 1283 543 1337 Ἀθηναῖοι
580 1288 656 1328 καὶ
686 1287 767 1338 τὴν
798 1283 999 1344 ἰατρικὴν
1027 1287 1192 1341 πυξίδα
1220 1286 1407 1336 καλοῦσι
1435 1311 1515 1338 κυ-

34 1353 195 1398 λικίδα.
252 1359 362 1399 Hinc
390 1373 464 1401 sua
494 1360 610 1401 duxit
638 1361 882 1403 Eustathius
913 1363 964 1403 ad
997 1363 1145 1416 Odyss.
1178 1377 1218 1417 p·
1245 1366 1357 1408 1583
1387 1369 1456 1411 42.

434 1602 652 1646 TPITA
663 1603 753 1650 ΓΩ
767 1605 1076 1650 ΝΙΣΤῌΣ.

201 1712 332 1757 Πολὺ
362 1713 398 1769 7²
436 1715 529 1759 ἐστὶ
561 1715 740 1760 πάντων
769 1719 857 1760 τῶν
885 1720 1080 1772 ποιητῶν
1111 1719 1326 1780 διάφορος

204 1798 228 1843 ὁ
262 1799 510 1854 Φιλόξενος.
573 1802 798 1860 πρώτιστα
826 1807 909 1859 μὲν
938 1803 1021 1863 γὰρ
1050 1803 1272 1862 ὀνόμασιν

202 1881 357 1929 ἰδίοισι
382 1888 458 1929 καὶ
486 1892 678 1932 καινοῖσι
705 1890 865 1947 χρῆται
894 1892 1147 1947 πανταχοῦ·

202 1969 350 2015 ἔπειτα
381 1971 436 2016 τὰ
462 1974 571 2029 με’λη
600 1976 869 2031 μεταβολαῖς
897 1979 970 2018 καὶ
997 1975 1232 2034 χρώμασιν

149 2059 177 2099 5
204 2055 262 2108 ὥς
290 2048 336 2099 εὗ
366 2059 584 2116 κέκραται.
644 2060 753 2111 θεὸς
782 2062 827 2103 ἐν
857 2059 1171 2118 ἀνθρώποισιν
1201 2056 1257 2118 ἦν

201 2141 371 2197 ἐκεῖνος,
400 2139 524 2195 εἰδώς
553 2144 632 2198 τὴν
660 2144 844 2198 ἀληθῶς
873 2147 1112 2203 μουσικήν·

204 2227 247 2269 οἱ
277 2228 356 2270 νῦν
385 2229 431 2271 δὲ
459 2228 753 2275 κισσόπλεκτα
782 2234 857 2274 καὶ
887 2237 1075 2289 κρηναῖα
1106 2237 1184 2277 καὶ

203 2310 547 2357 ἀνθεσιπότατα
577 2317 711 2371 μέλεα
741 2319 911 2374 μελέοις
942 2317 1163 2376 ὀνόμασιν

161 2448 164 2458 Ι
203 2398 406 2441 ποιοῦσιν
434 2400 716 2456 ἐμπλέκοντες
748 2402 956 2462 ἀλλότρια
986 2407 1110 2462 μέλη.

149 2502 386 2545 Athenaeus
415 2506 514 2548 XIV
540 2520 580 2560 p.
611 2508 758 2550 64311:
796 2507 938 2549 ταῦτα
977 2510 1052 2550 καὶ
1089 2506 1112 2549 ὁ
1161 2504 1393 2564 Κυθήριος
1428 2509 1512 2552 Φι-

44 2563 223 2622 λόξενος,
250 2569 302 2613 ὂν
331 2574 522 2616 ἐπαινῶν
550 2574 824 2633 Ἀντιφάνης
853 2579 900 2620 ἐν
930 2579 988 2637 τῷ
1011 2579 1341 2638 Τριταγωνιστῇ
1371 2594 1512 2634 φησιν

0 2667 2 2670 ,
46 2635 171 2679 Πολύ
203 2637 246 2694 y'
272 2642 366 2685 ἐστὶ
395 2642 574 2686 πάντων
613 2647 704 2689 κτλ.
780 2652 851 2693 Vs.
884 2654 910 2692 2
957 2652 1051 2691 libri
1093 2649 1258 2705 πρῶτα.
1319 2654 1511 2694 Correxit

43 2707 252 2760 Dobraeus
292 2717 463 2759 Advers.
513 2719 552 2759 11
594 2733 635 2773 p.
666 2721 764 2762 349.
832 2723 1103 2763 Casaubonus
1143 2718 1199 2761 τὰ
1243 2720 1408 2776 πρῶτα.
1453 2750 1507 2757 -

42 2778 114 2822 Vs.
141 2780 170 2822 8
207 2782 300 2828 libri
337 2782 465 2839 ἰδίοις
500 2788 575 2830 καὶ
614 2789 812 2834 κοινοῖσι.
872 2793 1060 2834 Correxit
1090 2794 1258 2836 Grotius
1288 2794 1507 2847 Excerptis
