1702 3158
220 169 303 208 276
787 163 1072 206 ARAROTIS

857 273 911 313 11.
973 273 1047 312 1112

326 357 605 398 Antiatticista
635 367 674 406 p.
703 355 758 394 82
787 355 827 395 8.
849 349 1120 400 ’Άθικτοςε
1150 350 1176 402 ἡ
1209 354 1443 407 παρθὲιος.
1471 351 1702 410 Ἀραρώς,

227 424 379 473 Πανὸς
408 428 567 477 γοναῖς.
590 449 641 455 -—
674 423 787 463 Idem
816 438 855 477 p.
872 426 968 464 166.
998 420 1440 480 Λαμπρόψυχος;
1473 423 1573 464 ἀντὶ
1601 423 1702 465 τοῦ

226 492 544 551 μεγαλόψυχος.
599 488 802 545 Ἀραρως
832 490 987 540 Πανὸς
1015 492 1173 545 γοναῖς.

684 699 1217 743 ΥΜΕΝΑΙΟΣ.

942 793 972 832 1.

357 916 361 917 ς
397 870 484 915 Οὐκ
512 868 621 913 ἔσθ’
655 865 772 921 ὅπως
800 868 877 913 οὐκ
907 863 947 912 εἶ
973 868 1223 926 παράσιτος,
1253 868 1446 927 φίλτατε,

1694 854 1702 893 ξ

389 954 414 997 6
446 952 498 996 δ’
532 951 788 1008 Ἰσχόμαχος
817 952 840 995 6
862 938 1113 1010 ’διατρέφων
1146 969 1192 996 σε
1222 951 1438 1008 τυγχάνει.
1694 937 1702 962 ³

333 1046 569 1087 Athenaeus
599 1045 655 1083 V1
685 1058 725 1095 p.
755 1045 836 1084 237
858 1058 902 1084 a:
946 1041 1023 1083 τοῦ
1060 1042 1104 1082 δὲ
1144 1038 1359 1095 ὀνόματος
1387 1041 1465 1083 τοῦ
1493 1041 1702 1099 παρασί-
1690 985 1702 1059 {¹

226 1127 304 1153 του
331 1108 593 1166 μνημονεύει
617 1107 820 1164 “Αραρως
849 1110 895 1150 ἐν
918 1107 1127 1165 Ὑμεναίω
1158 1109 1231 1150 διὰ
1260 1109 1424 1151 τούτων
1453 1109 1540 1152 Οὐκ
1569 1109 1701 1155 ξ”σθ
1695 1111 1702 1148 ἓ

226 1177 341 1229 ὅπως
369 1180 458 1221 κτλ.
537 1182 670 1223 Versu
710 1182 890 1222 seoundo
921 1181 1116 1220 articulus
1143 1186 1236 1221 ante
1265 1168 1512 1235 διατρέφων
1538 1184 1679 1223 nonni·-

227 1254 287 1293 hil
316 1251 532 1292 molestiae
560 1251 700 1299 habet,
731 1263 972 1303 quamquam
1003 1250 1168 1290 defendi
1196 1264 1316 1303 posse
1345 1252 1516 1292 videtur.

931 1361 980 1400 11.

443 1435 596 1488 ’Ὅπως
627 1438 673 1480 δὲ
701 1437 781 1489 τὴν
809 1436 998 1495 νύμφην,
1030 1437 1114 1480 ἐὰν
1134 1437 1158 1480 6
1189 1437 1336 1494 καιρὸς
1362 1429 1404 1497 ᾗ,

446 1523 662 1576 μετέωρον
691 1521 762 1563 ἐπὶ
790 1520 840 1563 τὸ
870 1522 1012 1576 ζεῦγος
1040 1519 1284 1572 ἆναθησεις
1313 1522 1466 1577 φέρων.

338 1608 498 1655 Suidas,
526 1603 793 1646 Ἀναθεῖναι
822 1606 895 1646 καὶ
924 1605 1217 1647 ἐπαναθεῖναι
1245 1602 1295 1644 τὸ
1324 1601 1445 1645 αὐτό.
1478 1600 1679 1658 Ἀραρώς

225 1671 473 1729 (ΥμεναίᾳΓ
478 1668 616 1721 Ὀπως
645 1673 734 1715 κτλ.
805 1677 875 1717 Vs.
907 1677 927 1715 1
977 1678 1190 1729 legebatur
1217 1672 1293 1713 ἐὰν
1319 1670 1465 1727 καιρὸς
1491 1670 1533 1729 ᾗ.
1594 1674 1677 1713 Ku-

228 1749 365 1786 sterus
393 1740 568 1783 ἐπειδὰν
597 1741 745 1797 καιρὸς
775 1741 1140 1799 ⁷’1.Bernhardius
1160 1740 1249 1792 τὴν
1277 1742 1453 1796 νύμφην
1479 1755 1543 1790 τις
1572 1733 1690 1781 ὅταν

227 1809 251 1856 ὁ
281 1809 429 1865 καιρὸς
459 1801 500 1867 ᾗ.
557 1813 754 1852 Poterant
782 1813 886 1852 haec
913 1815 1060 1853 minori
1090 1826 1215 1865 opera
1243 1814 1437 1865 expediri.
1493 1813 1555 1852 De
1582 1822 1688 1863 pro

227 1882 349 1921 ducta
377 1881 519 1920 ultima
555 1882 777 1932 particulae
815 1878 891 1919 ἐὰν
927 1895 1034 1922 nunc
1071 1895 1138 1921 res
1167 1882 1406 1934 pervulgata
1436 1885 1512 1920 est.
1569 1877 1688 1921 Vide2⁴

225 1950 481 1990 Dindorfium
512 1949 563 1988 ad
594 1950 803 2002 Aristoph.
834 1951 960 2003 Vesp.
990 1952 1085 1990 228.
1130 1975 1185 1983 —-
1221 1951 1293 1991 Vs.
1323 1951 1349 1989 2
1378 1951 1469 1989 libri
1499 1943 1689 1996 ἁναθή-ῐ

228 2030 293 2058 σει
323 2015 570 2071 συμφέρειν,
601 2020 778 2058 correxit
807 2020 994 2071 Toupius
1025 2020 1197 2059 Emend.
1230 2019 1246 2058 1
1276 2033 1316 2071 p.
1344 2020 1413 2059 44:
1478 2019 1686 2067 Videntur&

226 2088 353 2140 patris
382 2087 506 2126 verba
534 2099 624 2126 esse
653 2087 779 2126 filiam
809 2101 1000 2140 sponsam
1038 2089 1213 2128 sollenni
1251 2089 1352 2136 ritu,
1388 2081 1702 2127 comitantibus?

226 2169 377 2208 sponso
408 2160 448 2195 et
477 2155 667 2207 parocho,
697 2155 843 2196 deduci
871 2157 1062 2196 iubentis.
1118 2157 1298 2208 Etymol.
1328 2157 1388 2196 M.
1418 2171 1458 2208 p.
1487 2156 1685 2203 40923431

228 2219 445 2274 ζεύξαντες
475 2221 554 2272 τὴν
582 2221 814 2275 λεγομένην
842 2222 1012 2264 κλινίδα
1039 2217 1074 2273 ἡ’
1099 2222 1216 2263 ἐστιν
1246 2220 1376 2276 ὁμοία
1406 2223 1565 2279 δένδρῳ
1593 2220 1674 2272 τὴν

225 2291 302 2341 τῆς
339 2288 511 2345 νύμφης
543 2291 743 2343 μέθοδον
779 2291 1021 2334 ποιοῦνται.
1087 2287 1414 2347 παραλαβόντες
1451 2291 1496 2332 δὲ
1534 2288 1673 2340 αὐτὴν

227 2359 272 2400 ἐκ
302 2359 377 2409 τῆς
407 2356 607 2415 πατρώας
635 2357 779 2407 ἑστίας
807 2360 878 2400 ἐπὶ
911 2360 989 2410 την
1019 2354 1193 2412 ἅμαξαν
1221 2358 1399 2412 ἄγουσιν
1427 2355 1486 2407 εἰς
1512 2356 1566 2398 τὰ
1595 2357 1695 2399 τοῦ
1692 2354 1702 2409 1

226 2428 470 2481 γαμοῦντος
509 2427 688 2482 ἑσπέρας
731 2443 893 2478 ικανης.
969 2422 1194 2478 κάθηνται
1240 2428 1285 2468 δὲ
1329 2429 1437 2483 τρεῖς
1479 2427 1551 2467 ἐπὶ
1596 2441 1701 2478 τηςις

227 2492 414 2550 ἁμάξης,
447 2496 558 2550 μέση
582 2498 662 2549 μὲν
690 2512 716 2546 η
746 2494 919 2551 νύμφη,
958 2497 1003 2548 ἐξ
1031 2496 1230 2552 ἑκατέρου
1257 2497 1302 2536 δὲ
1330 2494 1354 2535 ὁ
1384 2494 1569 2550 νυμᾳίος
1596 2496 1698 2536 καὶ

226 2587 252 2613 0
282 2562 479 2619 πάροχος.
537 2566 663 2613 οὗτος
692 2565 738 2605 δέ
766 2565 857 2607 ἐστι
886 2565 1012 2621 φίλος
1041 2563 1069 2616 ἢ
1098 2578 1301 2618 συγγενης
1329 2561 1352 2604 ὁ
1379 2562 1570 2619 μάλιστα
1599 2572 1678 2605 τι-
1688 2563 1702 2609 .j.

224 2629 418 2687 μώμενος
432 2648 504 2675 και
520 2649 814 2688 αγατωμενος
848 2637 921 2678 Cfr
940 2637 1162 2688 Boettigeri
1180 2637 1321 2688 Nuptt.
1339 2637 1504 2677 Aldobr.
1518 2649 1557 2688 p.
1572 2635 1666 2675 141.
