1702 3158
208 172 290 211 368
784 169 1080 211 EPlanTls

209 293 320 335 φησι
356 277 441 319 Κλέ
452 291 579 333 αρχος
613 277 658 316 ἐν
683 278 770 325 τοῖς
797 274 1055 332 Ἐρωτικοῖς,
1087 277 1160 328 τῆς
1189 277 1417 335 βαρβάρου
1434 281 1582 333 Λυδῆς
1601 279 1660 333 εἰς

215 345 462 401 ἐπιθυμίαν
498 343 718 393 καταστάς
755 344 957 396 ἐποίησεν
993 345 1016 387 ὁ
1045 350 1123 401 μὲν
1152 348 1197 389 ἐν
1226 349 1420 401 ἐλεγείοις
1431 381 1442 400 ,
1481 348 1504 391 ὀ
1535 348 1584 391 δ’
1615 353 1660 393 ἐν

213 416 330 470 με’λει
360 413 409 457 τὸ
438 411 705 466 καλούμενον
733 413 902 470 ποίημα
931 414 1095 467 Λυδήν.
1154 421 1310 471 Quibus
1338 422 1442 461 adde
1470 423 1660 465 Photium

214 487 312 528 LeX.
340 500 381 540 p.
412 487 493 527 207
524 486 589 524 1⁰.
627 481 909 539 Λαμύνθιοςε
942 486 1124 538 ποιητής
1152 487 1360 542 ἐρωτικῶν
1387 478 1539 542 μελῶν.

583 684 1290 739 ΛΥΣΠΡΛΤΟΣ*)

1189 805 1243 845 Τί
1270 804 1351 862 γάρ

429 886 582 943 ἔχθιον
611 884 640 939 ἢ
669 889 782 941 ,,παῖ
805 890 912 930 παῖ”
940 888 1175 929 καλεῖσθαι
1204 888 1324 944 παρὰ
1352 887 1500 943 πότον,

432 972 507 1012 καὶ
535 970 662 1013 ταῦτ’
691 969 866 1032 ἀγενείῳ
894 971 1176 1028 μειρακυλλίῳ
1205 971 1302 1025 τινί,

430 1052 460 1106 ἢ
489 1053 570 1106 τὴν
599 1052 737 1109 ἀμίδα
769 1054 924 1108 φέρειν,
954 1051 1059 1110 ὁρᾶν
1084 1069 1127 1094 τε
1157 1052 1330 1108 κείμενα

374 1141 402 1181 5
430 1135 601 1193 ἄμητας
629 1135 878 1193 ἡμιβρῶτας
907 1133 1110 1193 ὀρνίθειά
1140 1151 1198 1188 τε,

429 1215 492 1263 οἷν
520 1220 620 1263 οὐδὲ
650 1222 923 1278 λειφθέντων
948 1221 1080 1275 θέμις
1109 1218 1249 1278 δούλῳ
1278 1223 1445 1277 ᾳαγεΐν,

426 1300 483 1356 ὥς
513 1320 652 1363 φασιν
681 1307 729 1346 αἱ
756 1306 963 1360 γυναῖκες.
1023 1303 1051 1346 ὁ“
1078 1304 1122 1345 δὲ
1147 1304 1282 1359 χολᾶν
1311 1309 1436 1358 ποιεῖ,

427 1387 611 1446 γάστριν
639 1389 822 1431 καλοῦσι
850 1391 923 1431 καὶ
952 1386 1145 1444 λάμυρον
1173 1385 1220 1438 ὃς
1249 1385 1304 1431 ἂν
1333 1386 1452 1447 φάγῃ

428 1473 526 1530 ἠμῶ
527 1487 552 1515 ν
583 1489 626 1515 τι
655 1470 833 1516 τούτων.

318 1590 554 1631 Athenaeus
585 1589 640 1629 V1
678 1601 718 1640 p.
750 1587 901 1627 262d:
939 1579 1202 1639 Ἐπικράτης
1246 1581 1294 1623 δ’
1327 1584 1372 1624 ἐν
1415 1583 1657 1644 Δυσπράτῳ

208 1654 540 1711 ἀγανακτοῦντα
581 1659 699 1697 ποιεῖ
735 1667 834 1695 τινα
865 1653 949 1694 τῶν
979 1649 1152 1693 οἰκετῶν
1180 1655 1252 1694 καὶ
1282 1654 1459 1707 λέγοντα
1494 1654 1547 1695 Τι’
1575 1654 1657 1712 γὰρ

207 1726 297 1769 κτλ.
354 1729 467 1770 Vs.4
497 1724 577 1776 τὴν
606 1722 745 1779 ἀμίδα
775 1724 932 1779 φέρειν.
975 1725 1145 1777 Eupolis
1175 1726 1274 1765 Fab.
1303 1727 1382 1766 inc.
1414 1727 1452 1766 11
1481 1727 1529 1767 4:
1560 1717 1656 1777 εἶεν,

207 1795 273 1846 τίς
301 1788 419 1838 εἶπεν
448 1792 622 1849 ,,ἆμίδα
647 1794 763 1835 παῖ”
793 1793 958 1848 πρῶτος
985 1790 1334 1847 μεταξύγπίνωνς
1362 1793 1419 1837 Β.
1435 1795 1656 1849 Παλαμη-

209 1864 331 1908 δικὸν
359 1880 404 1919 γε
433 1865 561 1905 τοῦτο
591 1860 860 1918 τούξεύρημα
890 1862 963 1901 καὶ
993 1858 1135 1914 σοφόν
1164 1875 1256 1904 σου.
1306 1867 1420 1916 Quae
1449 1870 1655 1918 postrema

207 1939 346 1980 nescio
376 1950 426 1977 an
457 1937 509 1976 de
541 1935 752 1977 Alcibiade
782 1935 979 1973 dicantur.
1024 1925 1052 1980 ἢ
1081 1932 1234 1972 addidit
1263 1933 1482 1974 Porsonus.
1541 1937 1655 1986 Quae

207 2010 438 2060 sequuntur>
473 2000 579 2058 ὁρᾶν
614 2017 744 2057 usque
785 2004 835 2044 ad
874 2001 920 2040 αἱ
958 2001 1150 2053 γυναῖκες
1189 2003 1420 2054 Epicratem
1460 2017 1509 2043 ex
1537 2005 1654 2044 Anti-

206 2078 351 2132 phanis
381 2069 621 2129 Δυσπράτῳ
650 2075 870 2127 sumpsisse
900 2072 1105 2112 adnotavit
1134 2073 1382 2112 Athenaeus.
1426 2098 1482 2104 -—
1525 2074 1596 2114 Vs.
1625 2074 1653 2113 7

206 2142 235 2187 ὃ
262 2145 308 2185 δὲ
332 2144 468 2199 χολᾶν
498 2144 622 2185 ποιεῖ’.
666 2146 726 2184 Ita
758 2145 973 2183 Porsonus.
1018 2142 1050 2180 B
1082 2134 1109 2179 δ’
1140 2138 1184 2179 δὲ
1209 2136 1378 2193 χόἇσιν,
1408 2141 1532 2182 ποιεῖ.
1576 2143 1653 2183 MS

205 2218 345 2259 Musei
384 2217 485 2257 Brit.
517 2210 540 2254 ὁ
571 2212 616 2253 δὲ
640 2225 799 2267 χοααιν
827 2211 951 2253 ποιεῖ.
1011 2213 1045 2252 L
1074 2205 1121 2258 ὃς
1151 2208 1195 2250 δὲ
1219 2208 1304 2263 χοᾶ
1339 2206 1429 2265 πίῃ.
1490 2211 1526 2253 V
1555 2206 1579 2249 ὁ
1608 2209 1655 2251 δὲ

202 2281 382 2339 χοαπίη.
425 2311 479 2318 -
521 2286 591 2327 Vs.
622 2285 648 2323 9
688 2285 893 2326 Porsonus
923 2282 1210 2336 transponebat
1238 2276 1430 2334 λάμυρον
1458 2275 1579 2332 ἡμῶν
1606 2275 1654 2329 ὃς

206 2349 262 2394 ἂν
288 2355 295 2408 1
318 2350 436 2410 φάγῃ
465 2367 507 2394 τι
537 2348 713 2394 τούτων.

298 2509 332 2554 *)
356 2512 395 2545 V.
420 2511 508 2545 Hist.
533 2513 608 2546 crit.
632 2523 665 2555 p.
690 2513 770 2545 321.
796 2512 876 2545 414.
