1702 3158
198 180 282 222 41⁰
803 175 1063 218 ALExmls

898 287 972 326 111.

313 373 548 413 Athenaeus
580 371 678 411 Vlll
710 383 749 422 p.
780 370 927 409 340c:
958 365 1012 407 τὰ
1041 365 1152 408 αὐτὰ
1180 364 1357 420 ἰαμβεῖα
1386 369 1522 420 (quae
1551 370 1646 409 Ale-

199 444 258 484 xis
289 444 330 483 in
363 442 584 482 Phaedone
614 439 777 491 posuit)
816 436 991 491 φέρεται
1028 435 1110 478 κᾶν
1139 437 1191 495 τῇ
1219 436 1541 493 ἐπιγραφομένῃ
1571 432 1645 485 Εἰς

199 526 251 552 το
282 523 432 564 ([ρξαρ.

465 651 1373 697 ΕΙΣΟΙΚΙΖΟΜΕΝΟΣ.

907 769 938 809 l.

370 844 431 888 Οὐ
460 845 542 901 γὰρ
570 843 776 902 ἐμυρίζετ’
809 847 852 900 ἐξ
881 846 1147 902 ἀλαβάστου,
1177 844 1353 904 πρᾶγμά
1382 863 1424 889 τι

366 928 619 984 γιγνόμενον
647 927 727 982 ἀεί,
756 929 965 987 κρονικόν,
995 929 1105 972 ἀλλὰ
1133 932 1339 987 τέτταρας

365 1011 612 1069 περιστερὰς
641 1010 807 1067 ἀφῆκεν
835 1012 1203 1070 ἀποβεβαμμένας

366 1093 424 1145 εἰς
454 1094 548 1150 οὐχὶ
578 1092 741 1136 ταύτὸν
768 1095 831 1151 μοὶ
860 1095 943 1139 Δία
973 1096 1053 1148 τὴν
1081 1094 1219 1148 αὐτὴν
1246 1093 1396 1152 μύρον,

310 1183 337 1224 5
367 1175 463 1236 ἰδίῳ
493 1176 545 1219 ‹5'
578 1174 772 1230 ἑκάστην.
831 1178 1063 1235 πετόμεναι
1092 1177 1140 1221 δ’
1174 1171 1306 1220 αὗται
1333 1176 1469 1233 κύκλῳ

366 1261 565 1320 ἔρραινον
593 1258 718 1316 ἡμῶν
747 1260 973 1318 θαίμάτια
1000 1265 1074 1305 καὶ
1104 1261 1350 1318 στρώματα.

362 1343 422 1402 μή
452 1360 530 1401 μοι
559 1341 832 1400 φθονήσητ’,
861 1344 1012 1403 ἄνδρες
1036 1345 1256 1398 Ἑλλήνων
1284 1342 1420 1400 ἄκροι,

363 1427 608 1485 ἠλειφόμην
637 1425 817 1483 ὑόμενος
847 1425 966 1488 ἰρίνῳ
994 1427 1126 1487 μύρῳ.

313 1532 548 1574 Athenaeus
577 1531 653 1572 XV
682 1544 722 1583 p.
739 1533 813 1571 691
838 1546 884 1573 e:
911 1527 970 1580 ὥς
999 1529 1130 1587 λῆρον
1158 1521 1269 1571 εἶναι
1298 1526 1353 1568 τὰ
1381 1526 1426 1568 ἐν
1455 1523 1512 1583 τῷ
1538 1519 1647 1566 Εἰσ-
1698 1527 1702 1574 ᾗ

204 1598 448 1654 οι-κιζομένῳ
474 1595 699 1649 Ἀλέξιδος
729 1598 855 1640 ταυτί
891 1599 952 1642 Οὐ
982 1599 1062 1657 γὰρ
1090 1600 1179 1642 κτλ.
1246 1600 1387 1640 Priora
1426 1597 1549 1638 verba
1577 1608 1645 1636 us-

205 1684 285 1723 que
313 1671 363 1709 ad
393 1664 647 1721 ἀλαβάστου
675 1671 797 1711 habet
827 1672 948 1712 etiam
979 1673 1216 1713 Eustathius
1245 1670 1295 1710 ad
1325 1670 1446 1709 Hom.
1463 1682 1502 1721 p.
1524 1666 1646 1715 1161,
1695 1657 1702 1703 ¹2

204 1742 273 1780 30.
333 1740 400 1780 Vs.
440 1741 461 1779 1
506 1735 759 1789 ἀλαβάστου
788 1743 822 1781 Α
867 1747 909 1781 et
949 1743 1198 1790 Eustathius,
1242 1742 1309 1780 alii
1355 1733 1646 1789 ἀλαβάστρου-
1694 1776 1698 1782 t

206 1810 307 1850 Ibid.
338 1804 514 1862 πρᾶγμα
555 1822 597 1847 τι
639 1823 715 1862 pro
756 1807 978 1862 πράγματι
1007 1813 1218 1852 canterus.
1276 1835 1331 1842 —-
1390 1811 1458 1851 Vs.
1487 1811 1514 1849 2
1553 1806 1646 1847 libri
1695 1825 1698 1833 ·-

204 1874 430 1931 γινόμενον
465 1882 506 1918 et
542 1876 758 1930 τέσσαρες.
831 1877 1040 1932 Κρονικὸν
1079 1881 1106 1920 i.
1137 1893 1175 1932 q.
1213 1875 1411 1931 ἀρχαῖον,
1448 1883 1493 1918 ut
1537 1876 1646 1929 apud
1695 1893 1697 1895 ·

204 1948 413 2001 Aristoph.
445 1948 549 1988 Plut.
579 1947 658 1987 581
699 1948 868 1999 aliisque
907 1951 1020 1990 locis.
1086 1950 1135 1990 V.
1166 1949 1385 2002 Bergkium
1416 1949 1643 1988 Comment-

206 2031 245 2070 p.
275 2019 315 2057 9.
362 2042 413 2048 --
454 2019 525 2058 Vs.
556 2019 581 2056 6
611 2016 682 2055 καὶ
713 2030 786 2069 pro
817 2015 870 2056 τὰ
900 2020 1147 2060 Dindorfius.
1190 2045 1243 2051 —-
1293 2019 1360 2059 Vs.
1389 2018 1416 2057 7
1447 2030 1495 2056 ex
1524 2015 1645 2056 Euri-
1684 2019 1702 2026 ''

204 2087 308 2140 pidis
337 2086 523 2138 Telepho
553 2094 758 2139 sumptum
789 2101 878 2128 esse
908 2089 1046 2129 docuit
1070 2089 1357 2129 Valckenarius
1388 2087 1438 2125 ad
1468 2086 1644 2126 Theocr.
1700 2083 1702 2086 ’

205 2155 337 2198 Adon.
376 2169 414 2206 p.
446 2155 542 2196 414.
617 2157 663 2197 V.
705 2158 904 2198 Matthiae
944 2160 1106 2211 Fragm.
1145 2157 1350 2210 Euripidis
1387 2170 1428 2208 p.
1459 2156 1553 2195 340.
1591 2179 1643 2186 -—

206 2225 278 2267 Vs.
307 2225 334 2264 8
376 2217 495 2279 ἰρίνῳ
534 2238 607 2277 pro
646 2221 783 2279 ήρὶνῳ
822 2229 1033 2267 Canterus.
1102 2228 1255 2266 lbidem
1293 2227 1385 2265 libri
1412 2221 1644 2277 θυόμενος.
1694 2235 1701 2241 “

206 2296 259 2335 At
288 2306 364 2333 nec
393 2294 444 2333 de
474 2295 671 2334 sacrificio
702 2296 918 2347 quidquam
952 2297 990 2336 in
1021 2298 1296 2349 superioribus
1324 2296 1484 2348 legitur,
1515 2306 1646 2346 neque

208 2364 371 2403 omnino
402 2364 599 2403 sacrificio
629 2365 697 2404 hic
726 2366 839 2404 locus
870 2371 945 2405 est.
1012 2367 1115 2406 Sunt
1146 2368 1251 2406 enim
1284 2367 1383 2404 haec
1412 2366 1549 2404 militis
1577 2367 1646 2403 aut

208 2432 330 2484 legati
358 2433 615 2472 Atheniensis
658 2435 779 2473 verba
819 2448 866 2474 ex
899 2435 1037 2474 Persia
1076 2437 1237 2475 reducis
1278 2441 1318 2474 et
1354 2435 1461 2486 regis
1499 2435 1541 2472 in
1571 2445 1644 2473 un-

208 2507 451 2553 guentorum
480 2515 557 2542 usu
594 2504 789 2543 luxuriem
820 2505 1099 2556 praedicantis.
1167 2506 1241 2544 His
1267 2505 1371 2544 adde
1401 2504 1509 2556 quod
1538 2503 1644 2543 aliud

209 2575 272 2608 est
300 2564 518 2619 θύεσθαι,
546 2573 654 2611 aliud
683 2568 824 2611 θύειν.
881 2575 1032 2627 Scripsi
1060 2575 1183 2625 igitur
1213 2569 1401 2625 ὑόμενος,
1431 2576 1540 2614 irino
1570 2587 1644 2613 zm-

209 2643 362 2692 guento
389 2644 588 2693 tanquam
617 2643 744 2683 imbre
773 2645 988 2698 irrigatus.
1048 2646 1159 2684 ldem
1190 2646 1397 2696 repperit,
1437 2646 1500 2684 cui
1537 2646 1644 2684 hunc

212 2709 346 2749 locum
375 2714 705 2764 monstraveram,
735 2715 814 2755 Th.
834 2716 1047 2768 Bergkius.
1089 2715 1225 2756 Possis
1255 2716 1374 2757 etiam
1406 2712 1642 2767 δευόμενος.
