1702 3158
366 170 442 214 YB
449 170 564 214 ΡΙΣ.
628 167 721 211 ΨΑ
726 167 823 210 ΡΜ
823 166 868 209 Α
872 167 916 210 Κ
922 165 1018 210 ΟΜ
1015 167 1106 210 ΛΝ
1113 168 1231 212 ΤΙΣ.
1449 174 1469 215 1
1477 174 1533 215 93

41 291 130 334 Nec
148 285 341 336 Βασιλὶς
371 275 611 328 ωετεῐτίοἰέ
631 298 783 327 nomen
814 284 947 326 fuisse
976 285 1073 339 ipse
1097 286 1195 327 satis
1228 285 1340 326 clare
1368 286 1528 329 indicat

39 361 290 414 Hesychius,
322 359 537 399 muliebria
567 357 751 398 membra
783 356 863 397 dici
893 356 1083 398 reserens
1106 352 1396 412 Φορμισίους,
1426 355 1526 397 Βα-

39 430 214 479 σιλὶδας
245 435 286 471 et
308 424 520 482 Λαχάρας
537 430 591 479 *),
622 428 692 468 ubi
723 423 974 474 Βασιλίδας
998 440 1080 480 pro
1113 424 1387 475 Βασιλείδας
1420 431 1526 471 scri-

38 510 154 560 ptum
187 507 264 543 est.
324 500 412 542 Nisi
444 499 596 551 aliquid
627 498 713 538 vitii
742 498 912 547 subest,
949 491 1245 552 ὠνομασμένη
1275 512 1352 553 pro
1385 512 1527 540 κατω-

38 571 295 630 νομασμένη
325 571 580 624 desponsata
611 569 766 609 dictum
798 569 1041 622 putaverim.

574 756 614 798 Y
664 757 709 798 B
769 760 812 799 P
865 759 889 798 1
945 756 996 799 Σ.

228 868 399 915 Οὔκουν
427 865 579 922 λαβών
607 867 687 910 τὸν
716 867 866 924 ([ανὸν
894 864 1026 924 ἅψεις
1054 883 1132 924 μοι
1161 865 1341 925 λύχνον,·

148 977 388 1020 Athenaeus
418 974 495 1016 XV
524 988 565 1027 p.
596 975 743 1016 700³:
788 969 1147 1028 Ἀναξανδρίδης
1194 969 1246 1012 δ’
1280 973 1327 1014 ἐν
1362 968 1523 1032 ”Υβρει

42 1045 210 1092 Οὔκουν
238 1045 329 1088 κτλ.
351 1038 501 1099 (Ὑβρει
532 1040 692 1086 οὔκουν
723 1048 948 1087 Porsonus.
979 1040 1138 1100 ὑβρίου
1166 1044 1276 1099 κοβυ
1306 1042 1438 1100 (κόβυ
1466 1053 1523 1103 Β)

6 1123 196 1165 AEPVL.
244 1111 402 1170 “’Υβρει
447 1117 570 1157 etiam
606 1119 874 1158 casaubonus
916 1116 1176 1157 emendabat.
1237 1109 1369 1170 ἅψεις
1398 1123 1520 1164 ΑΒΡ.

37 1186 173 1246 ἱέψοις
202 1191 288 1234 VL.
318 1189 578 1241 Dindorfizae.
641 1190 796 1231 Veram
828 1189 1055 1229 lectionem
1085 1188 1270 1230 restituit
1300 1191 1424 1233 etiam
1448 1193 1519 1236 Ia-

38 1264 201 1305 eobsius
230 1260 370 1305 Addit.
399 1274 438 1313 p.
470 1260 569 1300 370.

433 1426 525 1469 ΦΑ
540 1426 688 1468 PMA
703 1427 746 1468 K
764 1425 799 1468 0
813 1426 966 1468 MAN
981 1414 1115 1468 ΤιΣῖ

760 1545 792 1584 I.

191 1623 298 1672 “On
327 1627 420 1685 εἴμ’
448 1627 632 1681 ἀλαζών,
668 1626 792 1671 τοῦτ’
825 1628 1050 1688 ἐπιτιμᾷς;
1083 1628 1197 1673 ἀλλὰ
1226 1631 1297 1685 τίς

209 1715 312 1773 νικᾷ
342 1713 429 1772 γὰρ
459 1711 573 1766 αὕτη
603 1713 679 1764 τὰς
712 1714 864 1769 τέχνας
894 1711 1040 1765 πάσας
1069 1713 1185 1757 πολύ

205 1798 317 1856 μετὰ
347 1798 428 1852 τὴν
456 1798 718 1842 κολακείαν.ἶ
763 1793 840 1850 ἥδε
869 1802 952 1854 μὲν
980 1798 1064 1854 γάρ
1094 1800 1306 1857 διαφέρει.

143 1892 386 1934 Athenaeus
416 1893 475 1935 VI
505 1907 544 1947 p.
576 1892 716 1933 261st
763 1889 815 1948 τῇ
845 1887 898 1930 δ’
932 1887 1164 1949 ἀλαζονείᾳ
1194 1890 1306 1946 μιτὰ
1334 1889 1416 1943 τὴν
1443 1907 1520 1934 κο-

34 1958 211 2002 λακείαν
241 1958 392 2017 χώραν
439 1959 629 2003 δίδωσιν
661 1958 1022 2016 Ἀναξανδρίδης
1063 1959 1087 2003 ὁ
1118 1961 1450 2020 κωμῳδιοποιὸς
1473 1963 1521 2006 ἐν

38 2028 415 2086 Φαρμακομάντει
460 2032 596 2086 λέγων
639 2026 778 2081 οὕτως
814 2026 921 2074 (Ότι
968 2028 1060 2087 εἰμ’
1101 2033 1190 2075 κτλ.
1264 2036 1369 2077 Sunt
1415 2036 1521 2078 haec

37 2103 128 2157 ipsa
156 2100 564 2159 φαρμακομάντεως
594 2107 746 2155 verba,
787 2106 858 2158 qui
889 2102 1151 2154 ἀλαζονείαν
1180 2106 1277 2146 huic
1305 2106 1520 2148 hominum

38 2175 180 2228 generi
208 2177 418 2229 propriam
447 2203 502 2210 —
533 2177 616 2217 vid.
648 2176 815 2217 Ruhnk.
848 2180 890 2216 et
920 2177 1160 2217 Hemsterh.
1192 2177 1244 2216 ad
1275 2177 1384 2217 Tim.
1416 2178 1518 2218 Lex.

35 2255 76 2296 p.
95 2245 156 2285 '21
189 2270 244 2279 —-
285 2259 482 2288 excusare
520 2248 673 2288 studet.
732 2248 803 2289 Vs.
834 2249 861 2287 2
900 2243 1014 2286 ἀλλὰ
1043 2243 1114 2298 τίς
1152 2242 1254 2301 νικᾷ
1283 2248 1518 2289 Casauboni

37 2319 100 2355 ent
128 2316 375 2359 emendatio.
434 2319 570 2372 Vulgo
601 2314 714 2357 ἀλλὰ
744 2313 831 2357 τίνι
861 2313 948 2358 καί.

708 2447 713 2451 ,
745 2410 800 2450 11.

145 2485 439 2547 ’Λσφάραγον
469 2486 621 2545 σχῖνόν
651 2506 695 2532 τε
725 2490 868 2546 τεμών
895 2491 969 2533 καὶ
1002 2488 1224 2547 ὀρίγανον,
1256 2487 1304 2541 ὃς
1334 2489 1388 2543 δή

151 2570 350 2627 σεμνύνει
378 2573 429 2617 τὸ
460 2572 638 2631 τάριχον
667 2573 782 2632 ὁμοῦ
809 2576 992 2632 μιχθεὶς
1021 2572 1251 2634 κοριάννῳ.

134 2717 234 2759 ¹·')'In
267 2719 320 2753 his
344 2721 557 2757 Phormisius
596 2728 631 2758 et
655 2725 830 2760 Lachares
865 2728 1027 2759 notorum
1052 2724 1230 2759 hominurn
1255 2726 1334 2757 sunt
1358 2721 1509 2756 nomina:

45 2774 230 2809 Basilidem
254 2782 369 2814 autem
392 2782 451 2826 qui
475 2786 798 2821 commemoraverit
822 2790 1006 2831 praeterea
1030 2785 1101 2820 scio
1125 2784 1313 2819 neminem.

106 2845 274 2897 comoed.
298 2849 388 2884 med.
1194 2845 1251 2885 13
