1702 3158
221 160 279 240 λθ
773 191 1114 235 ANTIPHANIS

1064 297 1269 354 Ὀρχὴσει
1298 298 1429 342 πάλιν

388 371 502 425 ἴγδιν
571 370 626 411 Β.
658 366 743 410 τίν’
777 368 915 422 ἴγδινς
943 370 999 412 Α.
1031 368 1109 419 τὴν
1140 369 1301 412 θυείαν
1329 369 1518 424 ἀγνοεῖς,·

387 439 508 482 τοῦτ’
545 439 664 480 ἐστὶν
693 437 816 492 ἴγδις.

223 515 328 555 Nam
355 513 460 553 haee
485 523 660 563 quoque,
691 511 812 561 vulgo
842 510 988 550 vitiose
1016 511 1167 562 scripta
1197 508 1442 566 (τουτέστιν
1469 505 1495 558 ἡ
1526 507 1670 560 ἴγδις),

222 597 304 624 non
334 583 473 621 dubito
501 583 595 631 quin
614 580 853 631 Antiphanis
873 581 995 618 verba
1021 580 1114 620 sint.
1159 582 1210 620 At
1239 581 1390 620 rectius
1420 593 1468 620 ea
1496 579 1671 620 fortasse

222 665 423 706 personae
454 652 486 689 B
516 650 792 700 assignantur,
831 649 904 688 sed
931 652 976 688 ut
1006 661 1080 700 per
1107 649 1466 701 interrogationem
1496 650 1671 690 efferan—

222 726 303 760 tur.
362 719 513 759 Similis
543 718 735 768 colloquii
776 718 878 757 ratio
908 718 948 758 in
980 719 1161 770 Aphrod.
1191 720 1282 758 Nat.
1315 720 1331 758 1
1361 720 1401 759 9.
1458 720 1672 759 Hemster-

219 790 328 830 husii
357 789 579 835 rationem,
622 787 690 838 qni
730 781 864 824 αὐλὸν
894 788 944 826 de
974 788 1156 827 membro
1199 789 1302 827 virili
1340 793 1381 827 et
1419 784 1581 827 θυείαν
1618 789 1670 828 de

221 859 354 910 figura
383 855 611 897 meretricia
639 856 941 908 interpretatur,
971 857 1095 896 verbo
1124 857 1306 909 attigisse
1334 857 1522 900 sufficiat.

687 1105 1211 1149 ΚΟΥΡΙΣ.

864 1244 871 1257 ‘
928 1229 960 1269 Ι.

412 1307 587 1351 Ἐλθών
618 1324 659 1350 τε
688 1309 795 1366 πρὸς
824 1307 900 1350 τὸν
928 1306 1238 1364 τεμαχοπώλην
1265 1312 1473 1368 περίμενε,

415 1390 523 1447 παρ’
557 1386 609 1434 οὗ
638 1394 784 1449 φέρειν
810 1392 978 1434 εἴωθα·
1006 1388 1087 1434 κᾶν
1115 1388 1228 1434 οὕτω
1260 1394 1378 1453 τύχῃ,

410 1472 617 1527 Εὔθυνος
672 1483 690 1503 *
749 1483 766 1502 ⁶
826 1473 1101 1529 άπολοπίζων
1129 1474 1297 1520 αὐτόθι

405 1556 597 1613 χρηστόν
626 1574 667 1602 τι
696 1560 932 1616 περιμένων
958 1557 1158 1602 κέλευσόν
1185 1576 1261 1614 μοι
1290 1564 1443 1615 τεμεῖν.

329 1672 566 1712 Athenaeus
598 1671 655 1711 111
686 1687 724 1725 p.
757 1674 839 1713 120
858 1687 902 1713 a:
941 1667 1155 1713 Εὐθύνου
1192 1670 1236 1712 δὲ
1267 1671 1344 1712 τοῦ
1373 1669 1669 1728 ταριχοπώλου

218 1736 434 1789 μέμνηται
464 1736 733 1794 Ἀντιφάνης
761 1740 806 1780 ἐν
842 1739 1025 1795 Κουρίδι
1052 1735 1187 1788 οὕτως
1214 1738 1394 1781 Ἐλθών
1421 1743 1508 1784 κτλ.
1554 1747 1620 1787 Vs.
1644 1749 1670 1787 3

218 1808 312 1847 libri
349 1804 626 1861 ἀπολογίζων.
699 1812 884 1852 Correxit
926 1811 1178 1867 Fritzschius
1217 1813 1443 1853 Comment.
1486 1814 1537 1854 de
1577 1817 1648 1857 Ari

218 1878 353 1930 stoph.
385 1879 500 1921 Daet.
531 1893 571 1931 p.
606 1880 697 1919 106.
758 1906 811 1912 —
870 1882 939 1921 Vs.
970 1881 997 1921 4
1036 1881 1157 1933 vulgo
1195 1879 1439 1934 περίμεινον
1472 1882 1670 1924 κέλευσον

216 1942 277 1997 μὴ
316 1948 470 2000 τεμέἴνζ
534 1950 623 1989 Nee
662 1949 894 2002 discrepant
933 1951 1052 2000 libri,
1091 1950 1166 1990 nisi
1196 1952 1302 2005 quod
1335 1952 1366 1991 P
1406 1953 1529 1996 habet
1558 1950 1666 2008 μήτ’

218 2013 343 2068 ἐμεῖν.
408 2019 594 2059 Correxit
625 2018 1056 2073 Schweighaeuserus.

924 2142 976 2184 II.

799 2224 854 2267 ‘O
881 2231 961 2280 μὲν
991 2225 1106 2288 ἀγρῷ
1131 2224 1392 2284 τρεφόμενος

302 2304 548 2348 θαλάττιον
606 2340 617 2351 .
678 2341 688 2351 .
745 2302 869 2359 οὗτος
899 2309 1025 2352 οὐδὲν
1052 2311 1210 2362 ἐσθίει,

301 2389 415 2438 πλὴν
445 2389 530 2431 τῶν
558 2391 677 2443 παρὰ
708 2392 801 2443 γῆν,
830 2392 1014 2448 γόγγρον
1043 2393 1128 2436 τιν’
1161 2392 1190 2445 ἢ
1217 2392 1378 2450 νάρκην
1405 2393 1491 2436 τιν’
1522 2391 1550 2445 ἢ

296 2470 465 2521 θύννης
493 2472 547 2514 τὰ
577 2474 682 2529 πρὸς
712 2476 764 2534 τῇ
795 2477 846 2517 Β.
880 2479 1006 2529 ποῖα,·
1035 2480 1092 2521 A.
1123 2476 1177 2518 τά
1205 2476 1407 2519 κάτωθεν
1434 2478 1551 2532 λέγω.

241 2554 269 2597 5
299 2553 353 2597 Β.
384 2553 561 2606 τούτους
589 2555 745 2613 φάγοις
773 2557 849 2612 ἄνς
884 2561 923 2602 l:
953 2560 1051 2611 τοὺς
1081 2560 1162 2618 γάρ
1192 2560 1347 2616 ἄλλους
1377 2557 1579 2614 νενόμικα

296 2633 680 2696 ἀνθρωποφάγους
709 2638 851 2698 ἰχθῦς.
913 2645 975 2688 A.
1006 2643 1054 2686 τὸ
1086 2645 1203 2686 δεῖνα
1234 2643 1285 2685 δ’
1317 2644 1506 2696 ἐσθίειςς

296 2721 418 2765 τουτὶ
446 2721 670 2765 κακόνωτα
702 2726 846 2770 πλοῖα.
908 2727 954 2773 Ιῖ
988 2727 1216 2787 Κωπᾷδας
1245 2727 1390 2782 λέγεις.
