1702 3158
495 158 758 201 FABULAE
791 159 1095 202 INCERTAE.
1458 162 1544 203 197

762 273 836 316 lv.

240 362 370 410 Οστις
399 356 554 412 λόγους
586 358 979 417 παρακαταθήκην
1006 360 1090 417 γὰρ
1119 359 1272 417 λαβών

218 448 392 501 ἐξεῖπεν,
426 442 576 495 ἄδικός
604 446 723 489 ἐστιν
753 443 781 500 ἢ
809 444 1002 504 ἀκρατὴς
1032 444 1170 502 ἄγαν·

213 532 238 576 ὁ
270 537 350 590 μὲν
380 532 453 574 δια
481 532 643 589 κέρδος,
674 530 844 583 ἄδικος·
875 529 900 574 ὁ
931 532 975 573 δὲ
1007 530 1164 575 τούτου
1196 532 1311 589 δίχα,

220 616 430 676 ἀκρατής·
460 618 558 660 ἴσον
590 616 636 659 δέ
666 613 856 673 γ’[εἶσὶν
884 614 1129 675 ἀμφότεροι
1160 616 1302 662 κακοί.

164 735 368 777 Stobaeus
406 735 551 775 Floril.
591 735 687 775 XLI
724 737 751 775 2
793 748 886 776 cum
927 736 1123 776 lemmate
1160 729 1535 788 Ἀναξανδρίδου.

50 807 241 849 Eundem
272 806 410 845 locum
441 805 619 844 servavit
648 806 852 846 Maximus
882 806 1070 846 Sent.93
1103 819 1142 856 p.
1163 805 1257 855 154,
1289 806 1359 846 ubi
1390 818 1533 859 margo
1589 825 1593 830 -

47 876 301 927 „Alexandri
331 875 383 915 al.
415 874 770 916 Anaxandridae.”
845 875 916 916 Vs.
951 876 973 914 l
1021 870 1105 929 γὰρ
1135 889 1158 915 a
1188 877 1369 916 Maximo
1410 875 1533 916 omis-

48 961 139 990 sum
169 948 292 1002 vulgo
335 949 431 986 ante
457 939 852 999 παρακαταθήκην
882 945 1049 999 legitur.
1119 946 1396 999 Transposuit
1428 947 1532 987 Por-

49 1031 174 1061 sonus
206 1018 382 1059 Misceli.
414 1031 453 1070 p.
484 1016 567 1060 249
606 1020 648 1057 et
677 1016 887 1069 Reisigius
919 1017 1038 1058 Coni.
1071 1017 1088 1057 1
1119 1030 1160 1070 p.
1192 1018 1261 1058 36.
1298 1043 1353 1049 —
1400 1018 1472 1060 Vs.
1503 1018 1531 1059 2

48 1091 189 1132 Trine'.
218 1086 380 1140 ἐξεῖπεν
409 1088 574 1129 omittit.
625 1112 680 1120 —-—
724 1087 796 1129 Vs.
826 1088 853 1128 4
884 1088 1027 1129 Trinc.
1061 1085 1161 1128 ἴσου
1192 1093 1234 1128 et
1257 1087 1407 1130 κακοῦ.
1468 1089 1532 1130 Ita

50 1161 173 1202 etiem
212 1160 302 1203 cod.
332 1161 380 1200 Β.
441 1156 540 1199 ἴσον
583 1163 626 1198 et
666 1154 804 1197 κακοῦ
843 1160 895 1199 A.
955 1159 1127 1200 Grotius
1171 1156 1274 1211 ἴσως
1312 1163 1355 1201 et
1389 1155 1530 1202 κακοί.

49 1231 258 1286 Reisigius
285 1227 384 1274 ἴσον
412 1255 467 1263 -
494 1223 644 1282 κακόν,
675 1229 786 1283 quod
817 1242 962 1272 verum
992 1231 1169 1273 videtur.

756 1353 807 1396 V.

211 1440 413 1496 Χαλεπή,
440 1442 550 1498 λέγω
579 1456 666 1497 σοι,
694 1443 770 1486 καὶ
802 1439 1068 1500 προσάντης,
1094 1433 1132 1485 ὦ
1161 1443 1327 1498 τέκνον,

211 1525 312 1579 ὁδός
342 1527 474 1579 ἐστιν,
503 1525 561 1578 ὥς
589 1527 670 1570 τόν
700 1525 858 1585 πατέρ’
877 1526 1111 1584 ,ἀπελθεῖν
1140 1530 1290 1573 οἴκαδε

213 1610 321 1669 παρ’
354 1610 527 1670 ἀνδρὸς,
555 1607 587 1664 ἥ
613 1628 678 1663 τις
707 1613 803 1655 ἐστὶ
831 1612 996 1670 κοσμία
1026 1613 1151 1670 γυνή.

210 1695 235 1741 ὁ
265 1698 348 1757 γὰρ
378 1694 558 1748 δίαυλός
589 1697 709 1740 ἐστιν
740 1693 956 1754 αἰσχύνην
986 1698 1108 1755 ἔχων.

160 1815 362 1857 Stobaeus
401 1815 546 1855 Floril.
577 1814 772 1857 LXXIV·
795 1816 815 1854 l
861 1828 955 1856 cum
997 1817 1191 1856 lemmate
1230 1808 1526 1867 Ἀναξανδρί-

49 1883 140 1929 δου.
201 1887 271 1930 Vs.
302 1887 329 1927 3
358 1877 453 1936 ἥτις
484 1887 518 1927 Α
550 1890 592 1925 et
623 1886 764 1927 Trinc.
826 1886 963 1941 Vulgo
995 1884 1116 1935 εἴτις.

735 2020 807 2061 Vl.

758 2106 869 2150 Ἐὰν
899 2103 1130 2158 λούσησθε
1162 2105 1243 2148 νῖν

267 2189 472 2251 ῥάφανόν
501 2207 546 2234 τε
575 2192 742 2245 πολλὴν
772 2189 1018 2248 ἐντράγητε,
1052 2188 1233 2233 notiam

239 2274 318 2337 *τὸ
350 2274 496 2335 βάρος,
529 2278 785 2320 διασκεδᾶτε
819 2276 866 2318 τὸ
898 2276 1064 2333 προσὸν
1095 2275 1173 2316 νῦν
1204 2276 1333 2332 νέᾳος

267 2361 339 2404 ἐπὶ
368 2363 446 2405 τοῦ
477 2360 727 2418 προσώπου.

163 2466 398 2508 Athenaeus
429 2468 446 2508 1
477 2481 518 2520 p.
540 2468 652 2509 3411.
682 2468 734 2508 de
764 2461 950 2523 ῥαφάνῳ
982 2466 1193 2506 ebrietatis
1222 2463 1407 2504 remedio
1440 2462 1523 2503 dis-

57 2546 218 2576 serens:
257 2530 611 2592 Ἀναξανδρίδης
646 2532 759 2577 Ἐὰν
795 2532 1024 2586 λούσησθε
1063 2533 1154 2576 κτλ.
1225 2535 1298 2576 Vs.
1328 2534 1355 2573 2
1397 2533 1522 2585 vulgo

56 2599 301 2655 &1006me
357 2609 545 2650 Correxit
575 2609 995 2662 Schweighaeuserus
1026 2606 1183 2646 monitu
1209 2604 1440 2645 Hermanni
1470 2603 1523 2643 de

58 2673 199 2724 metris
226 2687 267 2727 p.
294 2677 390 2719 165.
456 2680 590 2722 Versu
627 2680 754 2720 tertio
793 2678 979 2720 nonnihil
1017 2677 1231 2717 molestiae
1259 2674 1360 2715 facit
1391 2674 1522 2714 oratio

61 2743 294 2797 asyndeton.
357 2748 550 2792 Fortasse
587 2751 755 2792 tertium
795 2749 951 2803 aliquid
990 2747 1240 2800 sequebatur
1278 2745 1387 2799 apud
1423 2756 1525 2797 poe-
