1702 3158
287 135 339 177 11
345 134 467 178 YPA
475 130 641 176 ῩΝΟΣ
695 158 750 165 -
806 127 880 172 ΣΙ
878 127 923 171 Κ
928 125 1088 171 ΥΩΝΙ
1088 126 1181 174 ΟΣ.
1393 131 1479 173 4ἴῖ

119 240 360 298 Athenaeus
388 250 447 294 vl
476 263 519 303 p.
547 247 693 290 2581)·
739 239 819 286 οὐκ
853 238 910 286 ἂν
947 238 1185 300 διαμάρτοι
1219 240 1269 283 δέ
1305 255 1372 292 τις
1400 241 1480 284 τὸν

15 323 86 368 τοῦ
114 319 341 379 μειρακίου
371 316 529 361 τούτου
558 315 637 359 τοῦ
654 313 856 372 Κυπρίου
880 316 1143 370 (Antiphanis
1173 315 1266 357 Mil.
1282 316 1344 367 11)
1373 311 1479 370 βίον

14 392 140 452 ὗγρὸν
177 380 522 446 ὀνομάζων,ου
546 385 734 436 πολλοὺς
762 387 838 428 καὶ
868 382 1161 434 διδασκάλους
1190 385 1333 441 φησὶν
1361 376 1478 428 εἶναι

20 461 269 516 Αθήνησιν
300 458 476 514 ”Αλεξις
511 459 558 502 ἐν
586 452 810 516 Πυραυνω
847 456 983 511 λέγων
1011 450 1149 506 ου’τως
1176 455 1349 514 Πεῖραν
1377 456 1479 498 ἐπε-

14 535 190 593 θύμουν
218 533 309 578 κτλ.

7 612 9 623 .
711 588 783 630 lV.

7 678 10 735 ξ
223 670 405 728 ”Ανοιγ’
435 669 582 726 ἄνοιγε
612 668 694 723 τὴν
721 666 897 726 θύραν·
930 665 1188 712 ἐλάνθανον

227 756 366 802 πάλαι
393 755 646 813 περιπατῶν
674 752 867 813 ἀνδριάς,
897 752 1063 797 ἀλέτων
1093 752 1207 806 ὄνος,

230 839 443 900 ποτάμιος
470 838 618 895 ἵππος,
648 843 804 897 τοῖχος,
837 837 860 882 ὁ
890 836 1107 882 Σελεύκου
1137 838 1289 895 τίγρις.

118 959 359 1002 Athenaeus
384 958 487 1000 X111
518 971 558 1012 p.
588 956 739 998 59012:
771 950 1006 1008 ἀρσενικῶς
1033 951 1112 994 τὸν
1144 951 1286 1010 τίγριν
1306 949 1487 1007 ’Ἄλεξις

13 1027 57 1071 ἓν
84 1026 306 1086 Πυραύνῳ
334 1020 471 1076 οὕτως
488 1021 670 1080 ”Λνοιγ’
703 1022 853 1079 ἄνοιγε
882 1024 973 1067 κτλ.
1032 1026 1105 1069 Vs.
1136 1028 1164 1068 2
1193 1022 1376 1082 ἀνδριὰς
1406 1029 1487 1070 Da..

12 1101 252 1155 !eeampius.
311 1094 494 1154 ἀνδρίας
526 1099 647 1141 PVL.
690 1093 893 1151 ἀνδρείας
922 1098 1008 1138 AB.
1068 1098 1173 1139 lbid.
1204 1092 1372 1138 ἀλέτων
1398 1100 1486 1142 AP.

11 1166 198 1221 ἀλήθων
228 1172 313 1214 VL.
373 1171 525 1211 Parum
554 1173 670 1210 recte
700 1169 911 1209 Porsonus
939 1168 1044 1209 Adv.
1076 1181 1117 1221 p.
1141 1169 1223 1209 138
1253 1171 1488 1223 corrigebat

10 1238 193 1297 ἀνδριὰς
232 1236 465 1292 ἀλήθινος.
532 1242 595 1282 De
636 1240 731 1294 tigri
770 1254 793 1280 a
822 1240 1000 1281 Seleuco
1031 1240 1218 1282 Athenas
1258 1241 1384 1283 misso
1422 1241 1487 1283 cfr

16 1314 275 1356 Philemonis
305 1312 451 1366 fragm.
482 1325 525 1365 p.
556 1312 656 1352 372.

230 1494 348 1553 Ἐγώ
382 1494 434 1539 δ’
466 1495 646 1540 ἐπειδὰν
674 1494 1023 1554 ἀσχολουμένους
1053 1494 1190 1553 λάβω,

239 1580 480 1640 ἀνέκραγον
509 1582 592 1638 ,,οὐ
621 1582 750 1627 δώσει
779 1598 845 1634 τις
872 1580 980 1639 ἡμῖν
1006 1580 1275 1639 ματτύην;”

131 1699 373 1742 Athenaeus
401 1700 501 1743 XIV
540 1714 580 1754 p.
611 1701 694 1741 663
710 1700 739 1741 f.
779 1701 832 1740 de
871 1703 1026 1752 mattya
1063 1700 1294 1742 disserens:
1334 1692 1404 1742 ὅτι
1441 1701 1490 1744 δὲ

18 1767 93 1811 καὶ
121 1766 147 1810 ὁ
174 1764 334 1826 τρόπος
371 1769 448 1821 τῆς
484 1765 690 1820 τοιαύτης
725 1765 908 1824 εὐωχίας
945 1765 1105 1824 ὁμοίως
1134 1768 1314 1823 ἐλέγετο,
1348 1770 1491 1824 Φιλή-

18 1852 114 1894 μων
142 1838 282 1896 φησίν
320 1868 377 1875 -
402 1837 581 1892 ”Αλεξις
611 1836 662 1881 δ’
695 1838 743 1880 ἐν
770 1835 994 1897 Πυραύνῳ
1034 1837 1295 1897 ἀμφιβόλως
1322 1842 1491 1899 εἴρηκεν

19 1905 130 1966 Ἐγώ
161 1907 211 1953 δ’
228 1909 406 1954 ἐπειδὰν
433 1938 489 1945 -
517 1907 623 1966 ἡμῖν
651 1906 877 1967 ματτύην,
903 1903 1051 1969 ὥσπερ
1079 1907 1136 1953 ἂν
1163 1908 1206 1954 εἰ
1231 1912 1282 1956 τὸ
1311 1913 1491 1959 δεῖπνον

23 1978 186 2038 azy-w„

346 2126 577 2171 ΡΟΛΙΟΣ
615 2129 668 2170 Η
710 2125 1025 2170 ΠΟΠΙΙΥΖΟ
1035 2127 1168 2173 ΥΣΛ.

134 2241 241 2284 vide
268 2254 391 2298 supra
417 2244 460 2286 in
490 2242 644 2299 Δορκὶς
672 2238 702 2294 ἢ
730 2238 1051 2293 Ποππύζουσα.

460 2451 1056 2496 ΣΙΚῩΩΝΙΟΣ.

253 2569 359 2629 Οὐχὶ
385 2588 473 2617 των
499 2574 701 2634 μετρίων,
731 2574 842 2619 ἀλλά
874 2591 960 2620 των
990 2575 1134 2633 βαβαὶ
1164 2575 1322 2634 βαβαί.

142 2661 409 2708 Antiatium:
436 2682 478 2723 p.
502 2670 559 2710 84
587 2670 642 2712 in.
673 2668 830 2724 Βαβαὶ
861 2667 1030 2724 βαβαίε
1063 2666 1160 2726 οὐχὶ
1190 2684 1277 2712 των
1302 2670 1493 2728 μετρίων

0 2734 4 2780 ξ
30 2723 143 2769 ἄλλα
177 2743 265 2771 των
301 2733 442 2790 βαβαὶ
476 2736 630 2793 βαβαί.
678 2736 857 2794 ’Ἄλεξις
885 2740 1123 2801 Σικυωνίῳ.
1179 2746 1340 2789 Versus
1375 2746 1490 2789 vide·
