<?xml version="1.0" encoding="UTF-8"?>
<!DOCTYPE html PUBLIC "-//W3C//DTD XHTML 1.0 Transitional//EN"
    "http://www.w3.org/TR/xhtml1/DTD/xhtml1-transitional.dtd">
<html xmlns="http://www.w3.org/1999/xhtml" xml:lang="en" lang="en">
 <head>
  <title>
</title>
<meta http-equiv="Content-Type" content="text/html;charset=utf-8" />
  <meta name='ocr-system' content='tesseract 3.04.00' />
  <meta name='ocr-capabilities' content='ocr_page ocr_carea ocr_par ocr_line ocrx_word'/>
</head>
<body>
  <div class='ocr_page' id='page_1' title='image "./fragmentacomicor03meinuoft_0692.png"; bbox 0 0 1656 3146; ppageno 0'>
   <div class='ocr_carea' id='block_1_1' title="bbox 244 155 1095 200">
    <p class='ocr_par' dir='ltr' id='par_1_1' title="bbox 244 155 1095 200">
     <span class='ocr_line' id='line_1_1' title="bbox 244 155 1095 200; baseline 0.008 -9"><span class='ocrx_word' id='word_1_1' title='bbox 244 160 327 200; x_wconf 70' lang='lat'><strong>034</strong></span> <span class='ocrx_word' id='word_1_2' title='bbox 809 155 1095 198; x_wconf 78' lang='lat' dir='ltr'><strong>ANAleAS.</strong></span> 
     </span>
    </p>
   </div>
   <div class='ocr_carea' id='block_1_2' title="bbox 247 267 1425 597">
    <p class='ocr_par' dir='ltr' id='par_1_2' title="bbox 247 267 1136 320">
     <span class='ocr_line' id='line_1_2' title="bbox 247 267 1136 320; baseline -0.002 -10"><span class='ocrx_word' id='word_1_3' title='bbox 247 271 376 310; x_wconf 82' lang='lat' dir='ltr'><strong>amice</strong></span> <span class='ocrx_word' id='word_1_4' title='bbox 406 267 515 320; x_wconf 88' lang='lat' dir='ltr'><strong>quod</strong></span> <span class='ocrx_word' id='word_1_5' title='bbox 544 268 601 307; x_wconf 84' lang='lat' dir='ltr'><strong>sle</strong></span> <span class='ocrx_word' id='word_1_6' title='bbox 630 269 770 318; x_wconf 77' lang='lat' dir='ltr'><strong>ageret</strong></span> <span class='ocrx_word' id='word_1_7' title='bbox 800 278 850 306; x_wconf 90' lang='lat' dir='ltr'><strong>eo</strong></span> <span class='ocrx_word' id='word_1_8' title='bbox 878 267 1032 308; x_wconf 81' lang='lat' dir='ltr'><strong>amicae</strong></span> <span class='ocrx_word' id='word_1_9' title='bbox 1060 269 1136 308; x_wconf 86' lang='lat' dir='ltr'><strong>sibi</strong></span> 
     </span>
    </p>

    <p class='ocr_par' dir='ltr' id='par_1_3' title="bbox 247 338 1254 390">
     <span class='ocr_line' id='line_1_3' title="bbox 247 338 1254 390; baseline -0.001 -12"><span class='ocrx_word' id='word_1_10' title='bbox 247 339 405 390; x_wconf 73' lang='lat' dir='ltr'><strong>accepit</strong></span> <span class='ocrx_word' id='word_1_11' title='bbox 434 350 597 377; x_wconf 91' lang='lat' dir='ltr'><strong>nomen.</strong></span> <span class='ocrx_word' id='word_1_12' title='bbox 655 340 695 375; x_wconf 90' lang='lat' dir='ltr'><strong>et</strong></span> <span class='ocrx_word' id='word_1_13' title='bbox 725 339 782 384; x_wconf 91' lang='lat' dir='ltr'><strong>tu,</strong></span> <span class='ocrx_word' id='word_1_14' title='bbox 811 340 1004 387; x_wconf 85' lang='lat' dir='ltr'><strong>quantum</strong></span> <span class='ocrx_word' id='word_1_15' title='bbox 1034 338 1254 389; x_wconf 79' lang='lat' dir='ltr'>praedicas,</span> 
     </span>
    </p>

    <p class='ocr_par' dir='ltr' id='par_1_4' title="bbox 247 404 1425 597">
     <span class='ocr_line' id='line_1_4' title="bbox 247 404 1248 454; baseline 0 -7"><span class='ocrx_word' id='word_1_16' title='bbox 247 419 356 448; x_wconf 88' lang='lat' dir='ltr'><strong>nunc</strong></span> <span class='ocrx_word' id='word_1_17' title='bbox 383 406 559 446; x_wconf 77' lang='lat' dir='ltr'><strong>incidisti</strong></span> <span class='ocrx_word' id='word_1_18' title='bbox 588 405 627 444; x_wconf 86' lang='lat' dir='ltr'><strong>in</strong></span> <span class='ocrx_word' id='word_1_19' title='bbox 657 404 826 454; x_wconf 81' lang='lat' dir='ltr'><strong>amicae,</strong></span> <span class='ocrx_word' id='word_1_20' title='bbox 854 418 935 445; x_wconf 90' lang='lat' dir='ltr'><strong>non</strong></span> <span class='ocrx_word' id='word_1_21' title='bbox 965 407 1248 447; x_wconf 86' lang='lat' dir='ltr'><strong>meretriculae</strong></span> 
     </span>
     <span class='ocr_line' id='line_1_5' title="bbox 248 476 1343 527; baseline 0 -12"><span class='ocrx_word' id='word_1_22' title='bbox 248 489 441 516; x_wconf 87' lang='lat' dir='ltr'><strong>amorem.</strong></span> <span class='ocrx_word' id='word_1_23' title='bbox 501 479 617 514; x_wconf 84' lang='lat' dir='ltr'><strong>estne</strong></span> <span class='ocrx_word' id='word_1_24' title='bbox 648 487 746 526; x_wconf 83' lang='lat' dir='ltr'><strong>ergo</strong></span> <span class='ocrx_word' id='word_1_25' title='bbox 778 487 874 513; x_wconf 88' lang='lat' dir='ltr'><strong>vere</strong></span> <span class='ocrx_word' id='word_1_26' title='bbox 903 480 1042 527; x_wconf 87' lang='lat' dir='ltr'><strong>aperta</strong></span> <span class='ocrx_word' id='word_1_27' title='bbox 1071 480 1112 515; x_wconf 89' lang='lat' dir='ltr'><strong>et</strong></span> <span class='ocrx_word' id='word_1_28' title='bbox 1140 476 1343 515; x_wconf 81' lang='lat' dir='ltr'><strong>fraudium</strong></span> 
     </span>
     <span class='ocr_line' id='line_1_6' title="bbox 249 544 1425 597; baseline -0.001 -12"><span class='ocrx_word' id='word_1_29' title='bbox 249 546 423 597; x_wconf 76' lang='lat' dir='ltr'><strong>expers?</strong></span> <span class='ocrx_word' id='word_1_30' title='bbox 480 545 526 584; x_wconf 90' lang='lat' dir='ltr'><strong>B.</strong></span> <span class='ocrx_word' id='word_1_31' title='bbox 558 544 740 585; x_wconf 87' lang='lat' dir='ltr'><strong>Venusta</strong></span> <span class='ocrx_word' id='word_1_32' title='bbox 768 548 881 584; x_wconf 88' lang='lat' dir='ltr'><strong>certe</strong></span> <span class='ocrx_word' id='word_1_33' title='bbox 911 548 991 584; x_wconf 86' lang='lat' dir='ltr'><strong>est:</strong></span> <span class='ocrx_word' id='word_1_34' title='bbox 1019 545 1075 585; x_wconf 88' lang='lat' dir='ltr'><strong>ita</strong></span> <span class='ocrx_word' id='word_1_35' title='bbox 1103 558 1167 585; x_wconf 87' lang='lat' dir='ltr'><strong>me</strong></span> <span class='ocrx_word' id='word_1_36' title='bbox 1198 545 1246 584; x_wconf 88' lang='lat' dir='ltr'><strong>Di</strong></span> <span class='ocrx_word' id='word_1_37' title='bbox 1273 546 1425 586; x_wconf 81' lang='lat' dir='ltr'><strong>iuvent.</strong></span> 
     </span>
    </p>
   </div>
   <div class='ocr_carea' id='block_1_3' title="bbox 838 639 1092 647">
    <p class='ocr_par' dir='ltr' id='par_1_5' title="bbox 838 639 1092 647">
     <span class='ocr_line' id='line_1_7' title="bbox 838 639 1092 647; baseline 0 2499"><span class='ocrx_word' id='word_1_38' title='bbox 838 639 1092 647; x_wconf 95' lang='lat' dir='ltr'><strong> </strong></span> 
     </span>
    </p>
   </div>
   <div class='ocr_carea' id='block_1_4' title="bbox 559 706 1386 752">
    <p class='ocr_par' dir='ltr' id='par_1_6' title="bbox 559 706 1386 752">
     <span class='ocr_line' id='line_1_8' title="bbox 559 706 1386 752; baseline 0.005 -4"><span class='ocrx_word' id='word_1_39' title='bbox 559 706 881 749; x_wconf 85' lang='grc' dir='ltr'><em>ΥΑΚΙΝΘΟΣ</em></span> <span class='ocrx_word' id='word_1_40' title='bbox 906 707 1165 750; x_wconf 85' lang='grc' dir='ltr'><em>ΠΟΡΝΟΒ</em></span> <span class='ocrx_word' id='word_1_41' title='bbox 1173 707 1386 752; x_wconf 83' lang='grc' dir='ltr'><em>ΟΣΚΟΣ.</em></span> 
     </span>
    </p>
   </div>
   <div class='ocr_carea' id='block_1_5' title="bbox 244 794 1244 919">
    <p class='ocr_par' dir='ltr' id='par_1_7' title="bbox 244 794 1244 919">
     <span class='ocr_line' id='line_1_9' title="bbox 244 794 1244 846; baseline 0 -10"><span class='ocrx_word' id='word_1_42' title='bbox 244 797 323 837; x_wconf 83' lang='lat' dir='ltr'><strong>Ars</strong></span> <span class='ocrx_word' id='word_1_43' title='bbox 352 795 505 834; x_wconf 79' lang='lat' dir='ltr'><strong>musica</strong></span> <span class='ocrx_word' id='word_1_44' title='bbox 533 794 682 845; x_wconf 83' lang='lat' dir='ltr'><strong>edepol</strong></span> <span class='ocrx_word' id='word_1_45' title='bbox 713 794 864 846; x_wconf 88' lang='lat' dir='ltr'><strong>pariter</strong></span> <span class='ocrx_word' id='word_1_46' title='bbox 893 799 938 835; x_wconf 90' lang='lat' dir='ltr'><strong>ut</strong></span> <span class='ocrx_word' id='word_1_47' title='bbox 966 799 1075 835; x_wconf 87' lang='lat' dir='ltr'><strong>terra</strong></span> <span class='ocrx_word' id='word_1_48' title='bbox 1104 795 1244 836; x_wconf 82' lang='lat' dir='ltr'><strong>Africa</strong></span> 
     </span>
     <span class='ocr_line' id='line_1_10' title="bbox 245 864 1236 919; baseline 0.001 -13"><span class='ocrx_word' id='word_1_49' title='bbox 245 877 395 906; x_wconf 85' lang='lat' dir='ltr'><strong>novum</strong></span> <span class='ocrx_word' id='word_1_50' title='bbox 424 864 638 916; x_wconf 79' lang='lat' dir='ltr'><strong>quotannis</strong></span> <span class='ocrx_word' id='word_1_51' title='bbox 667 864 830 916; x_wconf 85' lang='lat' dir='ltr'><strong>aliquod</strong></span> <span class='ocrx_word' id='word_1_52' title='bbox 859 868 1091 916; x_wconf 85' lang='lat' dir='ltr'><strong>portentum</strong></span> <span class='ocrx_word' id='word_1_53' title='bbox 1118 867 1236 919; x_wconf 80' lang='lat' dir='ltr'><strong>parit.</strong></span> 
     </span>
    </p>
   </div>
   <div class='ocr_carea' id='block_1_6' title="bbox 839 958 1095 968">
    <p class='ocr_par' dir='ltr' id='par_1_8' title="bbox 839 958 1095 968">
     <span class='ocr_line' id='line_1_11' title="bbox 839 958 1095 968; baseline 0 2178"><span class='ocrx_word' id='word_1_54' title='bbox 839 958 1095 968; x_wconf 95' lang='lat' dir='ltr'><strong> </strong></span> 
     </span>
    </p>
   </div>
   <div class='ocr_carea' id='block_1_7' title="bbox 664 1027 1278 1072">
    <p class='ocr_par' dir='ltr' id='par_1_9' title="bbox 664 1027 1278 1072">
     <span class='ocr_line' id='line_1_12' title="bbox 664 1027 1278 1072; baseline 0.002 -2"><span class='ocrx_word' id='word_1_55' title='bbox 664 1027 1278 1072; x_wconf 85' lang='grc' dir='ltr'><em>ΧΡΥΣΟΧΟΟΣ.</em></span> 
     </span>
    </p>
   </div>
   <div class='ocr_carea' id='block_1_8' title="bbox 247 1113 1364 1238">
    <p class='ocr_par' dir='ltr' id='par_1_10' title="bbox 247 1113 1364 1238">
     <span class='ocr_line' id='line_1_13' title="bbox 247 1113 1364 1167; baseline -0.004 -10"><span class='ocrx_word' id='word_1_56' title='bbox 247 1116 351 1157; x_wconf 87' lang='lat' dir='ltr'><strong>Nam</strong></span> <span class='ocrx_word' id='word_1_57' title='bbox 380 1127 533 1154; x_wconf 86' lang='lat' dir='ltr'><strong>coenae</strong></span> <span class='ocrx_word' id='word_1_58' title='bbox 561 1113 630 1153; x_wconf 87' lang='lat' dir='ltr'><strong>hic</strong></span> <span class='ocrx_word' id='word_1_59' title='bbox 657 1113 782 1162; x_wconf 87' lang='lat' dir='ltr'><strong>solus,</strong></span> <span class='ocrx_word' id='word_1_60' title='bbox 811 1116 856 1153; x_wconf 88' lang='lat' dir='ltr'><strong>ut</strong></span> <span class='ocrx_word' id='word_1_61' title='bbox 885 1114 1088 1166; x_wconf 86' lang='lat' dir='ltr'><strong>sapientes</strong></span> <span class='ocrx_word' id='word_1_62' title='bbox 1117 1114 1364 1167; x_wconf 87' lang='lat' dir='ltr'><strong>praedicant,</strong></span> 
     </span>
     <span class='ocr_line' id='line_1_14' title="bbox 248 1183 1159 1238; baseline 0 -14"><span class='ocrx_word' id='word_1_63' title='bbox 248 1185 490 1238; x_wconf 79' lang='lat' dir='ltr'><strong>principium</strong></span> <span class='ocrx_word' id='word_1_64' title='bbox 519 1183 642 1233; x_wconf 87' lang='lat' dir='ltr'><strong>novit,</strong></span> <span class='ocrx_word' id='word_1_65' title='bbox 674 1187 715 1223; x_wconf 86' lang='lat' dir='ltr'><strong>at</strong></span> <span class='ocrx_word' id='word_1_66' title='bbox 741 1195 822 1223; x_wconf 88' lang='lat' dir='ltr'><strong>non</strong></span> <span class='ocrx_word' id='word_1_67' title='bbox 853 1184 965 1223; x_wconf 87' lang='lat' dir='ltr'><strong>novit</strong></span> <span class='ocrx_word' id='word_1_68' title='bbox 995 1185 1159 1225; x_wconf 85' lang='lat' dir='ltr'><strong>exitum.</strong></span> 
     </span>
    </p>
   </div>
   <div class='ocr_carea' id='block_1_9' title="bbox 840 1277 1101 1286">
    <p class='ocr_par' dir='ltr' id='par_1_11' title="bbox 840 1277 1101 1286">
     <span class='ocr_line' id='line_1_15' title="bbox 840 1277 1101 1286; baseline 0 0"><span class='ocrx_word' id='word_1_69' title='bbox 840 1277 1101 1286; x_wconf 95' lang='lat' dir='ltr'><strong> </strong></span> 
     </span>
    </p>
   </div>
   <div class='ocr_carea' id='block_1_10' title="bbox 660 1350 1277 1395">
    <p class='ocr_par' dir='ltr' id='par_1_12' title="bbox 660 1350 1277 1395">
     <span class='ocr_line' id='line_1_16' title="bbox 660 1350 1277 1395; baseline 0.006 -4"><span class='ocrx_word' id='word_1_70' title='bbox 660 1350 734 1392; x_wconf 73' lang='lat' dir='ltr'><strong>Ex</strong></span> <span class='ocrx_word' id='word_1_71' title='bbox 763 1350 986 1393; x_wconf 84' lang='lat' dir='ltr'><strong>FABULA</strong></span> <span class='ocrx_word' id='word_1_72' title='bbox 1016 1350 1277 1395; x_wconf 74' lang='lat' dir='ltr'><strong>lNcER&#39;rA.</strong></span> 
     </span>
    </p>
   </div>
   <div class='ocr_carea' id='block_1_11' title="bbox 247 1435 1435 1835">
    <p class='ocr_par' dir='ltr' id='par_1_13' title="bbox 247 1435 1435 1835">
     <span class='ocr_line' id='line_1_17' title="bbox 954 1435 985 1476; baseline 0.032 -1"><span class='ocrx_word' id='word_1_73' title='bbox 954 1435 985 1476; x_wconf 92' lang='lat'><strong>1.</strong></span> 
     </span>
     <span class='ocr_line' id='line_1_18' title="bbox 509 1503 1246 1546; baseline 0.003 -2"><span class='ocrx_word' id='word_1_74' title='bbox 509 1503 752 1545; x_wconf 85' lang='lat' dir='ltr'><strong>Adulatores</strong></span> <span class='ocrx_word' id='word_1_75' title='bbox 781 1517 877 1544; x_wconf 90' lang='lat' dir='ltr'><strong>vere</strong></span> <span class='ocrx_word' id='word_1_76' title='bbox 906 1504 1073 1545; x_wconf 78' lang='lat' dir='ltr'><strong>adulant</strong></span> <span class='ocrx_word' id='word_1_77' title='bbox 1101 1504 1246 1546; x_wconf 88' lang='lat' dir='ltr'><strong>divites</strong></span> 
     </span>
     <span class='ocr_line' id='line_1_19' title="bbox 247 1574 1435 1629; baseline 0 -13"><span class='ocrx_word' id='word_1_78' title='bbox 247 1577 303 1616; x_wconf 83' lang='lat' dir='ltr'><strong>ita</strong></span> <span class='ocrx_word' id='word_1_79' title='bbox 333 1575 447 1627; x_wconf 88' lang='lat' dir='ltr'><strong>quasi</strong></span> <span class='ocrx_word' id='word_1_80' title='bbox 474 1586 646 1614; x_wconf 72' lang='lat' dir='ltr'><strong>vermes·</strong></span> <span class='ocrx_word' id='word_1_81' title='bbox 704 1587 875 1627; x_wconf 87' lang='lat' dir='ltr'><strong>namque</strong></span> <span class='ocrx_word' id='word_1_82' title='bbox 904 1574 945 1615; x_wconf 88' lang='lat' dir='ltr'><strong>iu</strong></span> <span class='ocrx_word' id='word_1_83' title='bbox 973 1575 1181 1616; x_wconf 89' lang='lat' dir='ltr'><strong>hominem</strong></span> <span class='ocrx_word' id='word_1_84' title='bbox 1210 1575 1435 1629; x_wconf 79' lang='lat' dir='ltr'><strong>simplicem</strong></span> 
     </span>
     <span class='ocr_line' id='line_1_20' title="bbox 250 1643 1231 1694; baseline -0.001 -7"><span class='ocrx_word' id='word_1_85' title='bbox 250 1659 342 1687; x_wconf 81' lang='lat' dir='ltr'><strong>sese</strong></span> <span class='ocrx_word' id='word_1_86' title='bbox 369 1645 634 1692; x_wconf 79' lang='lat' dir='ltr'><strong>insinuantes,</strong></span> <span class='ocrx_word' id='word_1_87' title='bbox 663 1643 773 1684; x_wconf 90' lang='lat' dir='ltr'><strong>hunc</strong></span> <span class='ocrx_word' id='word_1_88' title='bbox 801 1645 1010 1685; x_wconf 84' lang='lat' dir='ltr'><strong>laedentes</strong></span> <span class='ocrx_word' id='word_1_89' title='bbox 1041 1645 1231 1694; x_wconf 85' lang='lat' dir='ltr'><strong>exedunt,</strong></span> 
     </span>
     <span class='ocr_line' id='line_1_21' title="bbox 248 1714 1246 1765; baseline -0.003 -8"><span class='ocrx_word' id='word_1_90' title='bbox 248 1716 450 1757; x_wconf 82' lang='lat' dir='ltr'><strong>triticeum</strong></span> <span class='ocrx_word' id='word_1_91' title='bbox 478 1718 526 1754; x_wconf 86' lang='lat' dir='ltr'><strong>ut</strong></span> <span class='ocrx_word' id='word_1_92' title='bbox 552 1725 736 1765; x_wconf 83' lang='lat' dir='ltr'><strong>granum,</strong></span> <span class='ocrx_word' id='word_1_93' title='bbox 765 1714 896 1754; x_wconf 89' lang='lat' dir='ltr'><strong>donec</strong></span> <span class='ocrx_word' id='word_1_94' title='bbox 924 1715 1246 1765; x_wconf 79' lang='lat' dir='ltr'><strong>vacuefecerint3</strong></span> 
     </span>
     <span class='ocr_line' id='line_1_22' title="bbox 248 1783 1299 1835; baseline -0.002 -8"><span class='ocrx_word' id='word_1_95' title='bbox 248 1788 304 1827; x_wconf 88' lang='lat' dir='ltr'><strong>ita</strong></span> <span class='ocrx_word' id='word_1_96' title='bbox 332 1786 399 1825; x_wconf 85' lang='lat' dir='ltr'><strong>hic</strong></span> <span class='ocrx_word' id='word_1_97' title='bbox 427 1785 507 1824; x_wconf 82' lang='lat' dir='ltr'><strong>iam</strong></span> <span class='ocrx_word' id='word_1_98' title='bbox 536 1783 671 1835; x_wconf 83' lang='lat' dir='ltr'><strong>gluma</strong></span> <span class='ocrx_word' id='word_1_99' title='bbox 699 1787 783 1823; x_wconf 83' lang='lat' dir='ltr'><strong>est:</strong></span> <span class='ocrx_word' id='word_1_100' title='bbox 813 1783 883 1824; x_wconf 87' lang='lat' dir='ltr'><strong>ille</strong></span> <span class='ocrx_word' id='word_1_101' title='bbox 913 1785 1014 1825; x_wconf 87' lang='lat' dir='ltr'><strong>alios</strong></span> <span class='ocrx_word' id='word_1_102' title='bbox 1038 1784 1299 1826; x_wconf 83' lang='lat' dir='ltr'><strong>admordicat.</strong></span> 
     </span>
    </p>
   </div>
   <div class='ocr_carea' id='block_1_12' title="bbox 248 1870 1152 1988">
    <p class='ocr_par' dir='ltr' id='par_1_14' title="bbox 248 1870 1152 1988">
     <span class='ocr_line' id='line_1_23' title="bbox 945 1870 997 1909; baseline 0.019 -1"><span class='ocrx_word' id='word_1_103' title='bbox 945 1870 997 1909; x_wconf 90' lang='lat'><strong>11.</strong></span> 
     </span>
     <span class='ocr_line' id='line_1_24' title="bbox 248 1937 1152 1988; baseline -0.003 -8"><span class='ocrx_word' id='word_1_104' title='bbox 248 1940 314 1980; x_wconf 86' lang='lat' dir='ltr'><strong>Tu</strong></span> <span class='ocrx_word' id='word_1_105' title='bbox 343 1938 512 1979; x_wconf 79' lang='lat' dir='ltr'><strong>cochlea</strong></span> <span class='ocrx_word' id='word_1_106' title='bbox 541 1937 626 1988; x_wconf 84' lang='lat' dir='ltr'><strong>ipsa</strong></span> <span class='ocrx_word' id='word_1_107' title='bbox 655 1937 783 1976; x_wconf 89' lang='lat' dir='ltr'><strong>multo</strong></span> <span class='ocrx_word' id='word_1_108' title='bbox 814 1949 858 1977; x_wconf 87' lang='lat' dir='ltr'><strong>es</strong></span> <span class='ocrx_word' id='word_1_109' title='bbox 887 1938 1152 1986; x_wconf 83' lang='lat' dir='ltr'><strong>diffidentior,</strong></span> 
     </span>
    </p>
   </div>
   <div class='ocr_carea' id='block_1_13' title="bbox 247 2005 1362 2061">
    <p class='ocr_par' dir='ltr' id='par_1_15' title="bbox 247 2005 1362 2061">
     <span class='ocr_line' id='line_1_25' title="bbox 247 2005 1362 2061; baseline -0.001 -12"><span class='ocrx_word' id='word_1_110' title='bbox 247 2022 351 2061; x_wconf 86' lang='lat' dir='ltr'><strong>quae</strong></span> <span class='ocrx_word' id='word_1_111' title='bbox 379 2008 482 2048; x_wconf 88' lang='lat' dir='ltr'><strong>adeo</strong></span> <span class='ocrx_word' id='word_1_112' title='bbox 512 2010 574 2047; x_wconf 87' lang='lat' dir='ltr'><strong>est</strong></span> <span class='ocrx_word' id='word_1_113' title='bbox 602 2005 792 2047; x_wconf 83' lang='lat' dir='ltr'><strong>diffidens</strong></span> <span class='ocrx_word' id='word_1_114' title='bbox 822 2011 866 2047; x_wconf 83' lang='lat' dir='ltr'><strong>ut</strong></span> <span class='ocrx_word' id='word_1_115' title='bbox 895 2008 1060 2048; x_wconf 90' lang='lat' dir='ltr'><strong>domum</strong></span> <span class='ocrx_word' id='word_1_116' title='bbox 1090 2006 1362 2048; x_wconf 79' lang='lat' dir='ltr'><strong>circumferat.</strong></span> 
     </span>
    </p>
   </div>
   <div class='ocr_carea' id='block_1_14' title="bbox 1140 2172 1208 2179">
    <p class='ocr_par' dir='ltr' id='par_1_16' title="bbox 1140 2172 1208 2179">
     <span class='ocr_line' id='line_1_26' title="bbox 1140 2172 1208 2179; baseline 0.015 -1"><span class='ocrx_word' id='word_1_117' title='bbox 1140 2172 1208 2179; x_wconf 59' lang='lat' dir='ltr'><em>—..-ae</em></span> 
     </span>
    </p>
   </div>
   <div class='ocr_carea' id='block_1_15' title="bbox 516 2292 1429 2354">
    <p class='ocr_par' dir='ltr' id='par_1_17' title="bbox 516 2292 1429 2354">
     <span class='ocr_line' id='line_1_27' title="bbox 516 2292 1429 2354; baseline -0.001 -3"><span class='ocrx_word' id='word_1_118' title='bbox 516 2292 1429 2354; x_wconf 75' lang='lat' dir='ltr'><strong>ARISTOPHON.</strong></span> 
     </span>
    </p>
   </div>
   <div class='ocr_carea' id='block_1_16' title="bbox 843 2407 1096 2415">
    <p class='ocr_par' dir='ltr' id='par_1_18' title="bbox 843 2407 1096 2415">
     <span class='ocr_line' id='line_1_28' title="bbox 843 2407 1096 2415; baseline 0 731"><span class='ocrx_word' id='word_1_119' title='bbox 843 2407 1096 2415; x_wconf 95' lang='lat' dir='ltr'><strong> </strong></span> 
     </span>
    </p>
   </div>
   <div class='ocr_carea' id='block_1_17' title="bbox 703 2477 1235 2522">
    <p class='ocr_par' dir='ltr' id='par_1_19' title="bbox 703 2477 1235 2522">
     <span class='ocr_line' id='line_1_29' title="bbox 703 2477 1235 2522; baseline 0.004 -3"><span class='ocrx_word' id='word_1_120' title='bbox 703 2477 1235 2522; x_wconf 75' lang='grc' dir='ltr'><em>ΒΛΒΙΑΣ.</em></span> 
     </span>
    </p>
   </div>
   <div class='ocr_carea' id='block_1_18' title="bbox 252 2564 1292 2686">
    <p class='ocr_par' dir='ltr' id='par_1_20' title="bbox 252 2564 1292 2686">
     <span class='ocr_line' id='line_1_30' title="bbox 252 2564 1292 2617; baseline -0.003 -10"><span class='ocrx_word' id='word_1_121' title='bbox 252 2569 472 2611; x_wconf 81' lang='lat' dir='ltr'><strong>Venturam</strong></span> <span class='ocrx_word' id='word_1_122' title='bbox 502 2568 670 2617; x_wconf 84' lang='lat' dir='ltr'><strong>apparet</strong></span> <span class='ocrx_word' id='word_1_123' title='bbox 697 2566 995 2615; x_wconf 82' lang='lat' dir='ltr'><strong>tempestatem.</strong></span> <span class='ocrx_word' id='word_1_124' title='bbox 1051 2564 1098 2603; x_wconf 90' lang='lat' dir='ltr'><strong>B.</strong></span> <span class='ocrx_word' id='word_1_125' title='bbox 1129 2565 1292 2606; x_wconf 85' lang='lat' dir='ltr'><strong>Scilicet</strong></span> 
     </span>
     <span class='ocr_line' id='line_1_31' title="bbox 253 2633 1245 2686; baseline -0.003 -8"><span class='ocrx_word' id='word_1_126' title='bbox 253 2649 397 2679; x_wconf 75' lang='lat' dir='ltr'><strong>scaeva</strong></span> <span class='ocrx_word' id='word_1_127' title='bbox 425 2634 627 2676; x_wconf 86' lang='lat' dir='ltr'><strong>ominatur</strong></span> <span class='ocrx_word' id='word_1_128' title='bbox 654 2645 814 2686; x_wconf 85' lang='lat' dir='ltr'><strong>semper</strong></span> <span class='ocrx_word' id='word_1_129' title='bbox 842 2633 980 2673; x_wconf 86' lang='lat' dir='ltr'><strong>lumen</strong></span> <span class='ocrx_word' id='word_1_130' title='bbox 1009 2645 1245 2686; x_wconf 85' lang='lat' dir='ltr'><strong>pauperum.</strong></span> 
     </span>
    </p>
   </div>
   <div class='ocr_carea' id='block_1_19' title="bbox 843 2726 1103 2736">
    <p class='ocr_par' dir='ltr' id='par_1_21' title="bbox 843 2726 1103 2736">
     <span class='ocr_line' id='line_1_32' title="bbox 843 2726 1103 2736; baseline 0 0"><span class='ocrx_word' id='word_1_131' title='bbox 843 2726 1103 2736; x_wconf 95' lang='lat' dir='ltr'><strong> </strong></span> 
     </span>
    </p>
   </div>
  </div>
 </body>
</html>
