1702 3158
0 143 10 231 ᾗ
560 127 938 174 ΔΝῊΡΗΑΝΒὸῑ

0 201 91 313 {lnce
119 251 220 293 mihi
251 250 466 303 quicquam
496 246 667 288 circuitu
698 245 872 298 loquere
902 247 1046 299 totque
1073 245 1343 288 aufractibus.

0 332 107 374 ‘mam
138 323 238 364 mihi
267 322 383 362 labor
410 318 574 360 videtur
601 317 766 366 stultus,
795 330 884 358 rem
915 329 998 358 non
1028 317 1182 368 dicere,

6 387 182 438 {interim
215 406 319 447 quae
349 392 457 433 circa
485 403 574 432 rem
604 393 700 430 sunt
731 388 860 428 multa
890 389 1014 430 simul
1043 391 1306 432 convolvere.

671 491 674 493 ’
722 490 775 531 Π.

7 584 183 637 jLugere
211 580 362 622 amicos
392 579 505 620 luctu
536 576 751 618 moderato
783 575 926 617 decet:

8 650 95 696 [nec
124 653 231 695 enim
261 651 484 705 perierunt,
514 649 587 690 sed
617 660 706 688 eam
737 659 860 700 quam
891 648 1117 690 necessitas

17 725 162 766 indixit
191 722 348 764 cunctis
378 723 688 762 anteverterunt
720 719 840 759 viam.

8 801 62 836 ·et
89 808 164 836 nos
194 794 306 834 citati
336 806 429 833 mox
458 804 533 832 suo
565 790 741 842 quisque
772 790 920 830 ordine

8 860 213 919 {cogemur
242 875 387 904 omnes
416 863 458 903 in
487 862 595 902 idem
626 861 918 910 diversorium,

8 921 253 993 {pariterque
281 946 375 977 cum
404 933 487 974 illis
515 943 662 974 aevum
692 943 863 984 agemus
893 930 1085 973 alterum.
1112 946 1114 948 ’

543 1108 957 1152 ΒΑΚΧΑΙ.

9 1176 65 1244 ³111
94 1213 219 1255 quum
249 1198 424 1240 obtineri
454 1202 646 1250 nequeat,
677 1199 866 1252 impense
897 1201 959 1238 est
991 1198 1116 1239 miser

10 1273 92 1326 ¹qui
119 1284 286 1313 uxorem
318 1268 443 1318 ducit,
473 1272 586 1308 extra
616 1281 737 1321 quom
767 1268 965 1322 Scythiae
1002 1269 1043 1310 in
1076 1270 1190 1319 locis,

10 1342 106 1399 iqua
133 1343 220 1385 sola
249 1343 291 1382 in
323 1345 431 1381 terra
461 1339 572 1380 nulla
602 1340 696 1380 vitis
728 1341 923 1381 nascitur.

495 1506 1009 1554 ΒΟΙΩΤΙΟΙ.

10 1598 147 1652 ςίξῑιοᾱ
174 1599 358 1652 pulcrum
390 1602 464 1646 est,
496 1610 633 1637 rarum
666 1601 728 1638 est
758 1601 800 1637 et
829 1598 963 1638 ubivis
995 1598 1075 1639 loci

10 1670 14 1702 ι’
30 1671 73 1710 in
103 1670 247 1725 pretio.

518 1811 967 1856 ΔΙΔΥΜΟΙ.

11 1899 127 1942 1Vide
155 1899 368 1953 parasitus,
397 1904 512 1941 recte
542 1901 576 1941 si
607 1900 862 1949 consideres,

11 1950 69 2026 lut
94 1971 149 2012 sit
175 1975 440 2024 utrarumque
468 1971 730 2012 fortunarum
760 1973 982 2026 particeps.

12 2054 144 2093 guerno
178 2042 382 2095 parasitus
412 2043 526 2095 cupit
557 2042 698 2082 amicis
728 2043 784 2083 sit
815 2043 936 2092 male,

12 2097 100 2152 ¹sed
130 2124 199 2153 eos
227 2112 469 2164 conspicere
500 2116 668 2166 exoptat
698 2113 1028 2155 florentissimos.

11 2182 149 2241 †vitam
178 2183 302 2236 agitat
331 2183 477 2235 aliquis
507 2183 796 2236 splendidam?
826 2197 907 2224 non
939 2185 1108 2237 invidet,

12 2252 104 2309 ,sed
131 2259 238 2294 amat
265 2255 466 2295 bonorum
499 2255 738 2308 compartiri
769 2256 965 2296 comiter:

12 2323 179 2364 Jamicus
208 2324 394 2377 simplex,
427 2330 579 2376 certus,
608 2326 697 2367 sine
726 2327 928 2380 periculo,

29 2406 111 2435 non
138 2407 312 2448 pugnax,
343 2408 423 2436 non
454 2397 671 2450 malignus,
700 2398 931 2446 inritabilis,

13 2463 132 2504 :iram
158 2466 333 2508 tolerare
361 2468 515 2510 facilis:
547 2469 703 2509 arridet
736 2470 852 2518 iocis,

13 2534 229 2584 'amabilis,
255 2537 465 2589 ridiculus,
495 2540 636 2580 hilaris
667 2542 865 2589 moribus,

13 2603 181 2667 deiude
209 2606 279 2646 ubi
307 2621 411 2661 opus
441 2615 517 2660 est,
548 2612 667 2652 miles
697 2609 1021 2659 strenuissimus,

14 2673 162 2769 {modo
191 2675 294 2727 adsit
322 2691 451 2723 coena
482 2683 651 2737 opipara
680 2695 756 2736 pro
788 2680 1008 2732 stipendio,

1405 130 1497 173 0512
