<?xml version="1.0" encoding="UTF-8"?>
<!DOCTYPE html PUBLIC "-//W3C//DTD XHTML 1.0 Transitional//EN"
    "http://www.w3.org/TR/xhtml1/DTD/xhtml1-transitional.dtd">
<html xmlns="http://www.w3.org/1999/xhtml" xml:lang="en" lang="en">
 <head>
  <title>
</title>
<meta http-equiv="Content-Type" content="text/html;charset=utf-8" />
  <meta name='ocr-system' content='tesseract 3.04.00' />
  <meta name='ocr-capabilities' content='ocr_page ocr_carea ocr_par ocr_line ocrx_word'/>
</head>
<body>
  <div class='ocr_page' id='page_1' title='image "./fragmentacomicor03meinuoft_0119.png"; bbox 0 0 1702 3158; ppageno 0'>
   <div class='ocr_carea' id='block_1_1' title="bbox 397 164 1597 213">
    <p class='ocr_par' dir='ltr' id='par_1_1' title="bbox 397 164 1597 213">
     <span class='ocr_line' id='line_1_1' title="bbox 397 164 1597 213; baseline 0 -1"><span class='ocrx_word' id='word_1_1' title='bbox 397 170 450 212; x_wconf 93' lang='grc' dir='ltr'><em>Π</em></span> <span class='ocrx_word' id='word_1_2' title='bbox 450 167 656 213; x_wconf 87' lang='grc' dir='ltr'><em>ΡΟΓΟΝ</em></span> <span class='ocrx_word' id='word_1_3' title='bbox 663 166 737 211; x_wconf 72' lang='lat' dir='ltr'><strong>Os.</strong></span> <span class='ocrx_word' id='word_1_4' title='bbox 806 164 985 210; x_wconf 81' lang='lat' dir='ltr'><em>IIYPA</em></span> <span class='ocrx_word' id='word_1_5' title='bbox 993 164 1072 207; x_wconf 82' lang='lat' dir='ltr'><strong>YN</strong></span> <span class='ocrx_word' id='word_1_6' title='bbox 1079 164 1168 208; x_wconf 85' lang='grc' dir='ltr'><strong>ΟΣ.</strong></span> <span class='ocrx_word' id='word_1_7' title='bbox 1437 170 1519 212; x_wconf 83' lang='grc'><strong>111</strong></span> <span class='ocrx_word' id='word_1_8' title='bbox 1591 166 1597 180; x_wconf 93' lang='lat'><em>&#39;</em></span> 
     </span>
    </p>
   </div>
   <div class='ocr_carea' id='block_1_2' title="bbox 183 278 1447 766">
    <p class='ocr_par' dir='ltr' id='par_1_2' title="bbox 265 278 1322 513">
     <span class='ocr_line' id='line_1_2' title="bbox 267 278 1322 337; baseline -0.007 -11"><span class='ocrx_word' id='word_1_9' title='bbox 267 284 459 326; x_wconf 81' lang='grc' dir='ltr'><em>δειπνεῖν</em></span> <span class='ocrx_word' id='word_1_10' title='bbox 488 279 674 334; x_wconf 77' lang='grc' dir='ltr'><em>ἄκλητος</em></span> <span class='ocrx_word' id='word_1_11' title='bbox 702 282 824 337; x_wconf 85' lang='grc' dir='ltr'><em>μυῖα,</em></span> <span class='ocrx_word' id='word_1_12' title='bbox 855 278 917 335; x_wconf 86' lang='grc' dir='ltr'><strong>μὴ</strong></span> <span class='ocrx_word' id='word_1_13' title='bbox 951 278 1140 333; x_wconf 76' lang='grc' dir='ltr'><strong>’ξελθεῖν</strong></span> <span class='ocrx_word' id='word_1_14' title='bbox 1167 278 1322 335; x_wconf 81' lang='grc' dir='ltr'><em>φρέαρ,</em></span> 
     </span>
     <span class='ocr_line' id='line_1_3' title="bbox 266 359 1305 425; baseline -0.004 -15"><span class='ocrx_word' id='word_1_15' title='bbox 266 366 430 424; x_wconf 66' lang='grc' dir='ltr'><em>ἄγχειν,</em></span> <span class='ocrx_word' id='word_1_16' title='bbox 462 364 673 425; x_wconf 73' lang='grc' dir='ltr'><em>([ονεύειν,</em></span> <span class='ocrx_word' id='word_1_17' title='bbox 704 366 953 424; x_wconf 80' lang='grc' dir='ltr'><em>μαρτυρεῖν,</em></span> <span class='ocrx_word' id='word_1_18' title='bbox 981 359 1055 408; x_wconf 78' lang='grc' dir='ltr'><strong>ὅσ’</strong></span> <span class='ocrx_word' id='word_1_19' title='bbox 1080 360 1137 407; x_wconf 76' lang='grc' dir='ltr'><strong>ἂν</strong></span> <span class='ocrx_word' id='word_1_20' title='bbox 1164 361 1305 420; x_wconf 88' lang='grc' dir='ltr'><em>μόνον</em></span> 
     </span>
     <span class='ocr_line' id='line_1_4' title="bbox 265 449 1319 513; baseline -0.004 -17"><span class='ocrx_word' id='word_1_21' title='bbox 265 451 372 513; x_wconf 78' lang='grc' dir='ltr'><em>τύχῃ</em></span> <span class='ocrx_word' id='word_1_22' title='bbox 404 470 467 504; x_wconf 91' lang='grc' dir='ltr'><em>τις</em></span> <span class='ocrx_word' id='word_1_23' title='bbox 497 449 642 504; x_wconf 77' lang='grc' dir='ltr'><em>εἰπών,</em></span> <span class='ocrx_word' id='word_1_24' title='bbox 674 449 802 494; x_wconf 86' lang='grc' dir='ltr'><em>ταῦτ’</em></span> <span class='ocrx_word' id='word_1_25' title='bbox 835 449 1147 510; x_wconf 78' lang='grc' dir='ltr'><em>ἀπροσκέπτως</em></span> <span class='ocrx_word' id='word_1_26' title='bbox 1176 451 1319 493; x_wconf 84' lang='grc' dir='ltr'><em>ποιεῖν</em></span> 
     </span>
    </p>

    <p class='ocr_par' dir='ltr' id='par_1_3' title="bbox 183 533 1447 766">
     <span class='ocr_line' id='line_1_5' title="bbox 183 533 1208 594; baseline -0.006 -11"><span class='ocrx_word' id='word_1_27' title='bbox 183 544 239 583; x_wconf 87' lang='grc'><strong>10</strong></span> <span class='ocrx_word' id='word_1_28' title='bbox 269 534 462 583; x_wconf 71' lang='grc' dir='ltr'><em>ἅπαντα.</em></span> <span class='ocrx_word' id='word_1_29' title='bbox 523 539 598 581; x_wconf 88' lang='grc' dir='ltr'><strong>καὶ</strong></span> <span class='ocrx_word' id='word_1_30' title='bbox 627 536 813 580; x_wconf 84' lang='grc' dir='ltr'><em>καλοῦσί</em></span> <span class='ocrx_word' id='word_1_31' title='bbox 841 536 895 594; x_wconf 83' lang='grc' dir='ltr'><strong>μ’</strong></span> <span class='ocrx_word' id='word_1_32' title='bbox 926 538 970 579; x_wconf 87' lang='grc' dir='ltr'><strong>οἱ</strong></span> <span class='ocrx_word' id='word_1_33' title='bbox 1000 533 1208 593; x_wconf 79' lang='grc' dir='ltr'><em>νεώτερον</em></span> 
     </span>
     <span class='ocr_line' id='line_1_6' title="bbox 268 618 1390 678; baseline -0.003 -12"><span class='ocrx_word' id='word_1_34' title='bbox 268 624 344 667; x_wconf 84' lang='grc' dir='ltr'><strong>διὰ</strong></span> <span class='ocrx_word' id='word_1_35' title='bbox 374 624 513 667; x_wconf 81' lang='grc' dir='ltr'><em>ταῦτα</em></span> <span class='ocrx_word' id='word_1_36' title='bbox 544 621 691 666; x_wconf 87' lang='grc' dir='ltr'><em>πάντα</em></span> <span class='ocrx_word' id='word_1_37' title='bbox 722 622 944 676; x_wconf 85' lang='grc' dir='ltr'><em>σκηπτόν·</em></span> <span class='ocrx_word' id='word_1_38' title='bbox 976 619 1079 664; x_wconf 76' lang='grc' dir='ltr'><em>ἀλλ’</em></span> <span class='ocrx_word' id='word_1_39' title='bbox 1113 618 1242 664; x_wconf 75' lang='grc' dir='ltr'><em>οὐδὲν</em></span> <span class='ocrx_word' id='word_1_40' title='bbox 1267 621 1390 678; x_wconf 82' lang='grc' dir='ltr'><em>μέλει</em></span> 
     </span>
     <span class='ocr_line' id='line_1_7' title="bbox 270 703 1447 766; baseline -0.003 -14"><span class='ocrx_word' id='word_1_41' title='bbox 270 711 358 752; x_wconf 76' lang='grc' dir='ltr'><strong>τῶν</strong></span> <span class='ocrx_word' id='word_1_42' title='bbox 387 706 666 766; x_wconf 81' lang='grc' dir='ltr'><em>σκωμμάτων</em></span> <span class='ocrx_word' id='word_1_43' title='bbox 693 724 791 765; x_wconf 91' lang='grc' dir='ltr'><em>μοι·</em></span> <span class='ocrx_word' id='word_1_44' title='bbox 826 708 913 750; x_wconf 80' lang='grc' dir='ltr'><strong>τῶν</strong></span> <span class='ocrx_word' id='word_1_45' title='bbox 943 705 1086 766; x_wconf 80' lang='grc' dir='ltr'><em>φίλων</em></span> <span class='ocrx_word' id='word_1_46' title='bbox 1113 706 1197 765; x_wconf 80' lang='grc' dir='ltr'><strong>γὰρ</strong></span> <span class='ocrx_word' id='word_1_47' title='bbox 1225 703 1288 749; x_wconf 70' lang='grc' dir='ltr'><strong>ὢν</strong></span> <span class='ocrx_word' id='word_1_48' title='bbox 1316 706 1447 765; x_wconf 68' lang='grc' dir='ltr'><em>φίλος</em></span> 
     </span>
    </p>
   </div>
   <div class='ocr_carea' id='block_1_3' title="bbox 265 791 1226 854">
    <p class='ocr_par' dir='ltr' id='par_1_4' title="bbox 265 791 1226 854">
     <span class='ocr_line' id='line_1_8' title="bbox 265 791 1226 854; baseline -0.001 -17"><span class='ocrx_word' id='word_1_49' title='bbox 265 793 430 853; x_wconf 80' lang='grc' dir='ltr'><em>ἔργοισι</em></span> <span class='ocrx_word' id='word_1_50' title='bbox 456 794 645 854; x_wconf 84' lang='grc' dir='ltr'><em>χρηστὸς</em></span> <span class='ocrx_word' id='word_1_51' title='bbox 675 793 728 836; x_wconf 85' lang='grc' dir='ltr'><strong>οὐ</strong></span> <span class='ocrx_word' id='word_1_52' title='bbox 756 793 903 849; x_wconf 73' lang='grc' dir='ltr'><em>λόγοις</em></span> <span class='ocrx_word' id='word_1_53' title='bbox 933 792 1046 850; x_wconf 82' lang='grc' dir='ltr'><em>ἔφυν</em></span> <span class='ocrx_word' id='word_1_54' title='bbox 1073 791 1226 848; x_wconf 88' lang='grc' dir='ltr'><em>μόνον.</em></span> 
     </span>
    </p>
   </div>
   <div class='ocr_carea' id='block_1_4' title="bbox 44 910 1525 1395">
    <p class='ocr_par' dir='ltr' id='par_1_5' title="bbox 44 910 1525 1395">
     <span class='ocr_line' id='line_1_9' title="bbox 155 910 1525 966; baseline 0 -15"><span class='ocrx_word' id='word_1_55' title='bbox 155 912 394 954; x_wconf 82' lang='lat' dir='ltr'><strong>Athenaeus</strong></span> <span class='ocrx_word' id='word_1_56' title='bbox 412 913 470 954; x_wconf 88' lang='lat' dir='ltr'><strong>Vl</strong></span> <span class='ocrx_word' id='word_1_57' title='bbox 499 926 539 966; x_wconf 88' lang='lat' dir='ltr'><strong>p.</strong></span> <span class='ocrx_word' id='word_1_58' title='bbox 561 913 645 953; x_wconf 80' lang='lat'><strong>238</strong></span> <span class='ocrx_word' id='word_1_59' title='bbox 665 912 705 953; x_wconf 83' lang='lat' dir='ltr'><strong>d.</strong></span> <span class='ocrx_word' id='word_1_60' title='bbox 737 912 790 952; x_wconf 90' lang='lat' dir='ltr'><strong>de</strong></span> <span class='ocrx_word' id='word_1_61' title='bbox 820 910 1010 965; x_wconf 75' lang='lat' dir='ltr'><strong>parasitis</strong></span> <span class='ocrx_word' id='word_1_62' title='bbox 1042 915 1257 963; x_wconf 83' lang='lat' dir='ltr'><strong>poetarum</strong></span> <span class='ocrx_word' id='word_1_63' title='bbox 1287 910 1525 951; x_wconf 76' lang='lat' dir='ltr'><strong>testimonia</strong></span> 
     </span>
     <span class='ocr_line' id='line_1_10' title="bbox 44 974 1520 1037; baseline 0 -15"><span class='ocrx_word' id='word_1_64' title='bbox 44 995 277 1036; x_wconf 79' lang='lat' dir='ltr'><strong>apponens:</strong></span> <span class='ocrx_word' id='word_1_65' title='bbox 325 979 597 1037; x_wconf 62' lang='grc' dir='ltr'><em>Ἀντιφάνης</em></span> <span class='ocrx_word' id='word_1_66' title='bbox 635 979 688 1021; x_wconf 77' lang='grc' dir='ltr'><strong>δ’</strong></span> <span class='ocrx_word' id='word_1_67' title='bbox 728 980 774 1022; x_wconf 78' lang='grc' dir='ltr'><strong>ἐν</strong></span> <span class='ocrx_word' id='word_1_68' title='bbox 810 977 1058 1035; x_wconf 81' lang='grc' dir='ltr'><em>Προγόνοις</em></span> <span class='ocrx_word' id='word_1_69' title='bbox 1104 978 1194 1020; x_wconf 86' lang='grc' dir='ltr'><strong>Τὸν</strong></span> <span class='ocrx_word' id='word_1_70' title='bbox 1230 974 1395 1035; x_wconf 86' lang='grc' dir='ltr'><em>τρόπον</em></span> <span class='ocrx_word' id='word_1_71' title='bbox 1430 980 1520 1022; x_wconf 89' lang='grc' dir='ltr'><em>κτλ.</em></span> 
     </span>
     <span class='ocr_line' id='line_1_11' title="bbox 44 1048 1520 1107; baseline -0.001 -12"><span class='ocrx_word' id='word_1_72' title='bbox 44 1053 159 1096; x_wconf 56' lang='lat' dir='ltr'><strong>Vae</strong></span> <span class='ocrx_word' id='word_1_73' title='bbox 184 1055 279 1095; x_wconf 85' lang='lat' dir='ltr'>libri</span> <span class='ocrx_word' id='word_1_74' title='bbox 309 1050 506 1102; x_wconf 89' lang='grc' dir='ltr'><em>τοιοῦτός</em></span> <span class='ocrx_word' id='word_1_75' title='bbox 536 1048 625 1107; x_wconf 78' lang='grc' dir='ltr'><em>εἰμι</em></span> <span class='ocrx_word' id='word_1_76' title='bbox 656 1049 710 1103; x_wconf 81' lang='grc' dir='ltr'><strong>δή</strong></span> <span class='ocrx_word' id='word_1_77' title='bbox 742 1067 819 1101; x_wconf 84' lang='grc' dir='ltr'><em>τις.</em></span> <span class='ocrx_word' id='word_1_78' title='bbox 880 1054 1071 1095; x_wconf 83' lang='lat' dir='ltr'><strong>Correxit</strong></span> <span class='ocrx_word' id='word_1_79' title='bbox 1099 1053 1314 1093; x_wconf 84' lang='lat' dir='ltr'><strong>Dobraeus</strong></span> <span class='ocrx_word' id='word_1_80' title='bbox 1344 1053 1397 1092; x_wconf 87' lang='lat' dir='ltr'><strong>ad</strong></span> <span class='ocrx_word' id='word_1_81' title='bbox 1428 1054 1520 1094; x_wconf 82' lang='lat' dir='ltr'><strong>Ari-</strong></span> 
     </span>
     <span class='ocr_line' id='line_1_12' title="bbox 45 1116 1520 1179; baseline -0.005 -14"><span class='ocrx_word' id='word_1_82' title='bbox 45 1126 182 1177; x_wconf 83' lang='lat' dir='ltr'><strong>stoph.</strong></span> <span class='ocrx_word' id='word_1_83' title='bbox 222 1126 331 1167; x_wconf 82' lang='lat' dir='ltr'><strong>Plut.</strong></span> <span class='ocrx_word' id='word_1_84' title='bbox 362 1126 459 1166; x_wconf 81' lang='lat'><strong>361.</strong></span> <span class='ocrx_word' id='word_1_85' title='bbox 530 1126 622 1179; x_wconf 78' lang='lat' dir='ltr'><strong>lpse</strong></span> <span class='ocrx_word' id='word_1_86' title='bbox 659 1126 897 1178; x_wconf 84' lang='lat' dir='ltr'><strong>suspicabar</strong></span> <span class='ocrx_word' id='word_1_87' title='bbox 934 1118 1130 1170; x_wconf 74' lang='grc' dir='ltr'><em>τοιοῦτός</em></span> <span class='ocrx_word' id='word_1_88' title='bbox 1172 1116 1262 1175; x_wconf 75' lang='grc' dir='ltr'><em>εἶμι</em></span> <span class='ocrx_word' id='word_1_89' title='bbox 1299 1120 1428 1172; x_wconf 85' lang='grc' dir='ltr'><em>δῆτα.</em></span> <span class='ocrx_word' id='word_1_90' title='bbox 1465 1149 1520 1158; x_wconf 78' lang='grc'><strong>.-</strong></span> 
     </span>
     <span class='ocr_line' id='line_1_13' title="bbox 46 1190 1522 1251; baseline 0 -16"><span class='ocrx_word' id='word_1_91' title='bbox 46 1195 163 1235; x_wconf 79' lang='lat' dir='ltr'><strong>Vs.7</strong></span> <span class='ocrx_word' id='word_1_92' title='bbox 191 1192 252 1248; x_wconf 81' lang='grc' dir='ltr'><strong>μὴ</strong></span> <span class='ocrx_word' id='word_1_93' title='bbox 271 1190 465 1247; x_wconf 76' lang='grc' dir='ltr'><em>’ξελθεῖν</em></span> <span class='ocrx_word' id='word_1_94' title='bbox 494 1196 635 1251; x_wconf 76' lang='grc' dir='ltr'><em>φρέαρ</em></span> <span class='ocrx_word' id='word_1_95' title='bbox 664 1197 720 1236; x_wconf 84' lang='lat' dir='ltr'><strong>ita</strong></span> <span class='ocrx_word' id='word_1_96' title='bbox 750 1196 973 1248; x_wconf 82' lang='lat' dir='ltr'><strong>intellego:</strong></span> <span class='ocrx_word' id='word_1_97' title='bbox 1005 1194 1351 1247; x_wconf 77' lang='lat' dir='ltr'><strong>quemadmodum</strong></span> <span class='ocrx_word' id='word_1_98' title='bbox 1383 1195 1422 1234; x_wconf 91' lang='lat' dir='ltr'><strong>ei</strong></span> <span class='ocrx_word' id='word_1_99' title='bbox 1452 1195 1522 1247; x_wconf 85' lang='lat' dir='ltr'><strong>qui</strong></span> 
     </span>
     <span class='ocr_line' id='line_1_14' title="bbox 46 1265 1521 1318; baseline 0.001 -14"><span class='ocrx_word' id='word_1_100' title='bbox 46 1265 90 1304; x_wconf 88' lang='lat' dir='ltr'><strong>iu</strong></span> <span class='ocrx_word' id='word_1_101' title='bbox 118 1271 289 1317; x_wconf 88' lang='lat' dir='ltr'><strong>puteum</strong></span> <span class='ocrx_word' id='word_1_102' title='bbox 336 1268 479 1308; x_wconf 81' lang='lat' dir='ltr'><strong>incidit</strong></span> <span class='ocrx_word' id='word_1_103' title='bbox 525 1280 605 1307; x_wconf 90' lang='lat' dir='ltr'><strong>non</strong></span> <span class='ocrx_word' id='word_1_104' title='bbox 637 1268 758 1307; x_wconf 82' lang='lat' dir='ltr'><strong>datur</strong></span> <span class='ocrx_word' id='word_1_105' title='bbox 788 1268 942 1315; x_wconf 81' lang='lat' dir='ltr'><strong>exitus,</strong></span> <span class='ocrx_word' id='word_1_106' title='bbox 980 1267 1037 1306; x_wconf 80' lang='lat' dir='ltr'><strong>ita</strong></span> <span class='ocrx_word' id='word_1_107' title='bbox 1075 1279 1153 1306; x_wconf 85' lang='lat' dir='ltr'><strong>nec</strong></span> <span class='ocrx_word' id='word_1_108' title='bbox 1193 1278 1294 1318; x_wconf 80' lang='lat' dir='ltr'><strong>ego,</strong></span> <span class='ocrx_word' id='word_1_109' title='bbox 1333 1265 1455 1305; x_wconf 81' lang='lat' dir='ltr'><strong>etiam</strong></span> <span class='ocrx_word' id='word_1_110' title='bbox 1485 1266 1521 1305; x_wconf 91' lang='lat' dir='ltr'><strong>si</strong></span> 
     </span>
     <span class='ocr_line' id='line_1_15' title="bbox 45 1333 1520 1395; baseline 0.001 -20"><span class='ocrx_word' id='word_1_111' title='bbox 45 1335 182 1376; x_wconf 76' lang='lat' dir='ltr'><strong>iussus</strong></span> <span class='ocrx_word' id='word_1_112' title='bbox 211 1337 346 1388; x_wconf 89' lang='lat' dir='ltr'><strong>fuero,</strong></span> <span class='ocrx_word' id='word_1_113' title='bbox 379 1352 427 1378; x_wconf 81' lang='lat' dir='ltr'><strong>ex</strong></span> <span class='ocrx_word' id='word_1_114' title='bbox 459 1339 645 1395; x_wconf 63' lang='lat' dir='ltr'><strong>eonvivio</strong></span> <span class='ocrx_word' id='word_1_115' title='bbox 677 1339 794 1378; x_wconf 81' lang='lat' dir='ltr'><strong>abeo.</strong></span> <span class='ocrx_word' id='word_1_116' title='bbox 842 1338 1014 1390; x_wconf 86' lang='lat' dir='ltr'><strong>Proprie</strong></span> <span class='ocrx_word' id='word_1_117' title='bbox 1043 1338 1170 1390; x_wconf 82' lang='lat' dir='ltr'><strong>igitur</strong></span> <span class='ocrx_word' id='word_1_118' title='bbox 1201 1349 1282 1377; x_wconf 91' lang='lat' dir='ltr'><strong>non</strong></span> <span class='ocrx_word' id='word_1_119' title='bbox 1314 1333 1520 1388; x_wconf 84' lang='lat' dir='ltr'><strong>puteo&#39;se</strong></span> 
     </span>
    </p>
   </div>
   <div class='ocr_carea' id='block_1_5' title="bbox 45 1407 1522 1462">
    <p class='ocr_par' dir='ltr' id='par_1_6' title="bbox 0 1394 1522 1462">
     <span class='ocr_line' id='line_1_16' title="bbox 45 1407 1522 1462; baseline 0.002 -15.911"><span class='ocrx_word' id='word_1_120' title='bbox 45 1419 283 1460; x_wconf 83' lang='lat' dir='ltr'><strong>comparare</strong></span> <span class='ocrx_word' id='word_1_121' title='bbox 303 1410 495 1459; x_wconf 75' lang='lat' dir='ltr'><strong>debebat,</strong></span> <span class='ocrx_word' id='word_1_122' title='bbox 525 1409 599 1449; x_wconf 89' lang='lat' dir='ltr'><strong>sed</strong></span> <span class='ocrx_word' id='word_1_123' title='bbox 629 1409 784 1448; x_wconf 90' lang='lat' dir='ltr'><strong>homini</strong></span> <span class='ocrx_word' id='word_1_124' title='bbox 814 1409 884 1461; x_wconf 88' lang='lat' dir='ltr'><strong>qui</strong></span> <span class='ocrx_word' id='word_1_125' title='bbox 913 1409 955 1448; x_wconf 90' lang='lat' dir='ltr'><strong>in</strong></span> <span class='ocrx_word' id='word_1_126' title='bbox 986 1414 1157 1462; x_wconf 87' lang='lat' dir='ltr'><strong>puteum</strong></span> <span class='ocrx_word' id='word_1_127' title='bbox 1186 1407 1390 1451; x_wconf 82' lang='lat' dir='ltr'><strong>inciderit.</strong></span> <span class='ocrx_word' id='word_1_128' title='bbox 1436 1407 1522 1451; x_wconf 87' lang='lat' dir='ltr'><strong>Sed</strong></span> 
     </span>
    </p>
   </div>
   <div class='ocr_carea' id='block_1_6' title="bbox 0 1476 1519 1594">
    <p class='ocr_par' dir='ltr' id='par_1_7' title="bbox 0 1476 1519 1594">
     <span class='ocr_line' id='line_1_17' title="bbox 0 1476 1519 1534; baseline 0.001 -16"><span class='ocrx_word' id='word_1_129' title='bbox 0 1501 1 1530; x_wconf 71' lang='lat'>3</span> <span class='ocrx_word' id='word_1_130' title='bbox 45 1478 223 1519; x_wconf 79' lang='lat' dir='ltr'><strong>fortasse</strong></span> <span class='ocrx_word' id='word_1_131' title='bbox 253 1485 493 1532; x_wconf 84' lang='lat' dir='ltr'><strong>corruptum</strong></span> <span class='ocrx_word' id='word_1_132' title='bbox 525 1485 589 1520; x_wconf 87' lang='lat' dir='ltr'><strong>est</strong></span> <span class='ocrx_word' id='word_1_133' title='bbox 620 1478 760 1533; x_wconf 74' lang='grc' dir='ltr'><em>ᾳρὲαρ</em></span> <span class='ocrx_word' id='word_1_134' title='bbox 820 1505 875 1510; x_wconf 84' lang='lat'>—</span> <span class='ocrx_word' id='word_1_135' title='bbox 928 1481 994 1521; x_wconf 81' lang='lat' dir='ltr'><strong>Vs.</strong></span> <span class='ocrx_word' id='word_1_136' title='bbox 1026 1481 1054 1521; x_wconf 89' lang='grc'>8</span> <span class='ocrx_word' id='word_1_137' title='bbox 1082 1482 1179 1521; x_wconf 85' lang='lat' dir='ltr'><strong>libri</strong></span> <span class='ocrx_word' id='word_1_138' title='bbox 1208 1476 1368 1534; x_wconf 79' lang='grc' dir='ltr'><em>ἄρχειν.</em></span> <span class='ocrx_word' id='word_1_139' title='bbox 1415 1482 1519 1522; x_wconf 88' lang='lat' dir='ltr'><strong>Cor-</strong></span> 
     </span>
     <span class='ocr_line' id='line_1_18' title="bbox 44 1548 1334 1594; baseline 0.002 -3"><span class='ocrx_word' id='word_1_140' title='bbox 44 1551 150 1591; x_wconf 82' lang='lat' dir='ltr'><strong>rexit</strong></span> <span class='ocrx_word' id='word_1_141' title='bbox 179 1551 459 1592; x_wconf 79' lang='lat' dir='ltr'><strong>Casaubonus.</strong></span> <span class='ocrx_word' id='word_1_142' title='bbox 491 1577 544 1582; x_wconf 85' lang='lat'>—</span> <span class='ocrx_word' id='word_1_143' title='bbox 575 1551 648 1592; x_wconf 80' lang='lat' dir='ltr'><strong>Vs.</strong></span> <span class='ocrx_word' id='word_1_144' title='bbox 681 1551 732 1590; x_wconf 93' lang='lat'><strong>11</strong></span> <span class='ocrx_word' id='word_1_145' title='bbox 767 1554 862 1590; x_wconf 84' lang='lat' dir='ltr'><strong>ante</strong></span> <span class='ocrx_word' id='word_1_146' title='bbox 893 1551 1152 1594; x_wconf 87' lang='lat' dir='ltr'><strong>Dindorfium</strong></span> <span class='ocrx_word' id='word_1_147' title='bbox 1181 1548 1334 1593; x_wconf 80' lang='grc' dir='ltr'><em>οὐθέν.</em></span> 
     </span>
    </p>
   </div>
   <div class='ocr_carea' id='block_1_7' title="bbox 0 1565 2 1678">
    <p class='ocr_par' dir='ltr' id='par_1_8' title="bbox 0 1565 2 1678">
     <span class='ocr_line' id='line_1_19' title="bbox 0 1565 1 1588; baseline 0 0"><span class='ocrx_word' id='word_1_148' title='bbox 0 1565 1 1588; x_wconf 59' lang='lat'>1</span> 
     </span>
     <span class='ocr_line' id='line_1_20' title="bbox 0 1604 2 1630; baseline 0 0"><span class='ocrx_word' id='word_1_149' title='bbox 0 1604 2 1630; x_wconf 60' lang='lat' dir='ltr'><em>V</em></span> 
     </span>
     <span class='ocr_line' id='line_1_21' title="bbox 0 1656 2 1678; baseline 0 0"><span class='ocrx_word' id='word_1_150' title='bbox 0 1656 2 1678; x_wconf 85' lang='grc' dir='ltr'>Ι</span> 
     </span>
    </p>
   </div>
   <div class='ocr_carea' id='block_1_8' title="bbox 0 1797 6 2350">
    <p class='ocr_par' dir='ltr' id='par_1_9' title="bbox 0 1797 6 2350">
     <span class='ocr_line' id='line_1_22' title="bbox 0 1797 3 1894; baseline 0 0"><span class='ocrx_word' id='word_1_151' title='bbox 0 1797 3 1894; x_wconf 67' lang='grc' dir='ltr'>ἰ</span> 
     </span>
     <span class='ocr_line' id='line_1_23' title="bbox 0 1969 3 2045; baseline 0 0"><span class='ocrx_word' id='word_1_152' title='bbox 0 1969 3 2045; x_wconf 68' lang='grc' dir='ltr'>ἐ</span> 
     </span>
     <span class='ocr_line' id='line_1_24' title="bbox 0 2056 3 2085; baseline 0 0"><span class='ocrx_word' id='word_1_153' title='bbox 0 2056 3 2085; x_wconf 74' lang='lat' dir='ltr'><strong>t</strong></span> 
     </span>
     <span class='ocr_line' id='line_1_25' title="bbox 0 2151 4 2182; baseline 0 0"><span class='ocrx_word' id='word_1_154' title='bbox 0 2151 4 2182; x_wconf 70' lang='lat'>1</span> 
     </span>
     <span class='ocr_line' id='line_1_26' title="bbox 1 2214 6 2269; baseline 0 0"><span class='ocrx_word' id='word_1_155' title='bbox 1 2214 6 2269; x_wconf 64' lang='lat' dir='ltr'>f</span> 
     </span>
     <span class='ocr_line' id='line_1_27' title="bbox 1 2327 6 2350; baseline 0 0"><span class='ocrx_word' id='word_1_156' title='bbox 1 2327 6 2350; x_wconf 67' lang='grc' dir='ltr'><em>ι</em></span> 
     </span>
    </p>
   </div>
   <div class='ocr_carea' id='block_1_9' title="bbox 646 1657 912 1665">
    <p class='ocr_par' dir='ltr' id='par_1_10' title="bbox 646 1657 912 1665">
     <span class='ocr_line' id='line_1_28' title="bbox 646 1657 912 1665; baseline 0 1493"><span class='ocrx_word' id='word_1_157' title='bbox 646 1657 912 1665; x_wconf 95' lang='lat' dir='ltr'><strong> </strong></span> 
     </span>
    </p>
   </div>
   <div class='ocr_carea' id='block_1_10' title="bbox 472 1737 1120 1994">
    <p class='ocr_par' dir='ltr' id='par_1_11' title="bbox 472 1737 1120 1994">
     <span class='ocr_line' id='line_1_29' title="bbox 503 1737 1053 1781; baseline 0.005 -3"><span class='ocrx_word' id='word_1_158' title='bbox 503 1738 553 1778; x_wconf 88' lang='grc' dir='ltr'><em>Π</em></span> <span class='ocrx_word' id='word_1_159' title='bbox 591 1739 628 1779; x_wconf 85' lang='grc' dir='ltr'><strong><em>Υ</em></strong></span> <span class='ocrx_word' id='word_1_160' title='bbox 654 1740 697 1779; x_wconf 82' lang='grc' dir='ltr'><strong><em>Ρ</em></strong></span> <span class='ocrx_word' id='word_1_161' title='bbox 720 1740 768 1781; x_wconf 85' lang='lat' dir='ltr'><em>A</em></span> <span class='ocrx_word' id='word_1_162' title='bbox 805 1740 838 1781; x_wconf 78' lang='grc' dir='ltr'><strong>Υ</strong></span> <span class='ocrx_word' id='word_1_163' title='bbox 867 1739 917 1780; x_wconf 65' lang='lat' dir='ltr'><em>N</em></span> <span class='ocrx_word' id='word_1_164' title='bbox 936 1737 970 1780; x_wconf 84' lang='lat' dir='ltr'><em>O</em></span> <span class='ocrx_word' id='word_1_165' title='bbox 1000 1738 1053 1781; x_wconf 88' lang='grc' dir='ltr'><strong>Σ.</strong></span> 
     </span>
     <span class='ocr_line' id='line_1_30' title="bbox 472 1838 1075 1908; baseline -0.002 -15"><span class='ocrx_word' id='word_1_166' title='bbox 472 1849 544 1901; x_wconf 82' lang='grc' dir='ltr'><strong>Ἐς</strong></span> <span class='ocrx_word' id='word_1_167' title='bbox 572 1848 776 1908; x_wconf 82' lang='grc' dir='ltr'><em>κόρακας,</em></span> <span class='ocrx_word' id='word_1_168' title='bbox 807 1838 898 1905; x_wconf 67' lang='grc' dir='ltr'><strong>ἥξω</strong></span> <span class='ocrx_word' id='word_1_169' title='bbox 929 1852 1075 1908; x_wconf 76' lang='grc' dir='ltr'><em>([έρων</em></span> 
     </span>
     <span class='ocr_line' id='line_1_31' title="bbox 479 1931 1120 1994; baseline 0.005 -18"><span class='ocrx_word' id='word_1_170' title='bbox 479 1936 606 1993; x_wconf 79' lang='grc' dir='ltr'><em>δεῦρο</em></span> <span class='ocrx_word' id='word_1_171' title='bbox 637 1936 716 1979; x_wconf 88' lang='grc' dir='ltr'><strong>τὸν</strong></span> <span class='ocrx_word' id='word_1_172' title='bbox 745 1934 967 1994; x_wconf 83' lang='grc' dir='ltr'><em>Πάρνηθ’</em></span> <span class='ocrx_word' id='word_1_173' title='bbox 1001 1931 1120 1979; x_wconf 80' lang='grc' dir='ltr'><em>ὅλον.</em></span> 
     </span>
    </p>
   </div>
   <div class='ocr_carea' id='block_1_11' title="bbox 159 2023 1520 2085">
    <p class='ocr_par' dir='ltr' id='par_1_12' title="bbox 159 2023 1520 2085">
     <span class='ocr_line' id='line_1_32' title="bbox 159 2023 1520 2085; baseline -0.003 -14"><span class='ocrx_word' id='word_1_174' title='bbox 159 2028 393 2083; x_wconf 76' lang='lat' dir='ltr'><strong>Stephanus</strong></span> <span class='ocrx_word' id='word_1_175' title='bbox 422 2030 523 2083; x_wconf 82' lang='lat' dir='ltr'>Byz.</span> <span class='ocrx_word' id='word_1_176' title='bbox 553 2045 594 2084; x_wconf 90' lang='lat' dir='ltr'><strong>p.</strong></span> <span class='ocrx_word' id='word_1_177' title='bbox 626 2033 733 2072; x_wconf 81' lang='lat'><strong>619:</strong></span> <span class='ocrx_word' id='word_1_178' title='bbox 775 2030 981 2085; x_wconf 78' lang='grc' dir='ltr'><em>Πάρνης,</em></span> <span class='ocrx_word' id='word_1_179' title='bbox 1019 2026 1291 2084; x_wconf 75' lang='grc' dir='ltr'><em>Πάρνηθος,</em></span> <span class='ocrx_word' id='word_1_180' title='bbox 1330 2024 1380 2067; x_wconf 90' lang='grc' dir='ltr'><em>τὸ</em></span> <span class='ocrx_word' id='word_1_181' title='bbox 1420 2023 1520 2081; x_wconf 85' lang='grc' dir='ltr'><em>ὄρος</em></span> 
     </span>
    </p>
   </div>
   <div class='ocr_carea' id='block_1_12' title="bbox 0 2095 1583 2369">
    <p class='ocr_par' dir='ltr' id='par_1_13' title="bbox 0 2088 1520 2156">
     <span class='ocr_line' id='line_1_33' title="bbox 49 2095 1520 2156; baseline -0.002 -15.097"><span class='ocrx_word' id='word_1_182' title='bbox 49 2098 124 2150; x_wconf 78' lang='grc' dir='ltr'><em>τῆς</em></span> <span class='ocrx_word' id='word_1_183' title='bbox 156 2095 377 2150; x_wconf 83' lang='grc' dir='ltr'><em>Ἀττικῆς.</em></span> <span class='ocrx_word' id='word_1_184' title='bbox 436 2099 568 2143; x_wconf 79' lang='grc' dir='ltr'><em>τοῦτο</em></span> <span class='ocrx_word' id='word_1_185' title='bbox 597 2101 672 2142; x_wconf 82' lang='grc' dir='ltr'><strong>καὶ</strong></span> <span class='ocrx_word' id='word_1_186' title='bbox 703 2097 939 2156; x_wconf 72' lang='grc' dir='ltr'><em>ἀρσενικῶς</em></span> <span class='ocrx_word' id='word_1_187' title='bbox 969 2100 1155 2154; x_wconf 69' lang='grc' dir='ltr'><em>λέγεται.</em></span> <span class='ocrx_word' id='word_1_188' title='bbox 1213 2097 1445 2153; x_wconf 70' lang='grc' dir='ltr'><em>Ἐμᾳανὴς</em></span> <span class='ocrx_word' id='word_1_189' title='bbox 1473 2098 1520 2138; x_wconf 79' lang='grc' dir='ltr'><strong>ἐν</strong></span> 
     </span>
    </p>

    <p class='ocr_par' dir='ltr' id='par_1_14' title="bbox 0 2158 1583 2369">
     <span class='ocr_line' id='line_1_34' title="bbox 0 2158 1583 2228; baseline -0.001 -16"><span class='ocrx_word' id='word_1_190' title='bbox 0 2185 4 2211; x_wconf 74' lang='grc' dir='ltr'><em>ε</em></span> <span class='ocrx_word' id='word_1_191' title='bbox 50 2168 268 2228; x_wconf 78' lang='grc' dir='ltr'><em>Πυραυνῷ</em></span> <span class='ocrx_word' id='word_1_192' title='bbox 292 2166 368 2219; x_wconf 81' lang='grc' dir='ltr'><strong>Ἐς</strong></span> <span class='ocrx_word' id='word_1_193' title='bbox 396 2166 586 2226; x_wconf 83' lang='grc' dir='ltr'><em>κόρακας</em></span> <span class='ocrx_word' id='word_1_194' title='bbox 615 2171 692 2212; x_wconf 87' lang='grc' dir='ltr'><strong>κτλ</strong></span> <span class='ocrx_word' id='word_1_195' title='bbox 753 2175 875 2215; x_wconf 86' lang='lat' dir='ltr'><strong>Haud</strong></span> <span class='ocrx_word' id='word_1_196' title='bbox 901 2172 1164 2226; x_wconf 77' lang='lat' dir='ltr'><strong>improbabili</strong></span> <span class='ocrx_word' id='word_1_197' title='bbox 1180 2172 1416 2212; x_wconf 81' lang='lat' dir='ltr'><strong>coniectura</strong></span> <span class='ocrx_word' id='word_1_198' title='bbox 1435 2173 1519 2212; x_wconf 86' lang='lat' dir='ltr'><strong>An-</strong></span> <span class='ocrx_word' id='word_1_199' title='bbox 1580 2158 1583 2160; x_wconf 40' lang='grc'><strong>’</strong></span> 
     </span>
     <span class='ocr_line' id='line_1_35' title="bbox 2 2242 1519 2298; baseline -0.003 -13"><span class='ocrx_word' id='word_1_200' title='bbox 2 2273 5 2297; x_wconf 59' lang='lat'><strong><em>5</em></strong></span> <span class='ocrx_word' id='word_1_201' title='bbox 43 2243 204 2298; x_wconf 69' lang='lat' dir='ltr'><strong>liphani</strong></span> <span class='ocrx_word' id='word_1_202' title='bbox 234 2244 500 2296; x_wconf 82' lang='lat' dir='ltr'><strong>adscripsisse</strong></span> <span class='ocrx_word' id='word_1_203' title='bbox 526 2245 628 2285; x_wconf 88' lang='lat' dir='ltr'><strong>mihi</strong></span> <span class='ocrx_word' id='word_1_204' title='bbox 658 2245 802 2285; x_wconf 86' lang='lat' dir='ltr'><strong>videor</strong></span> <span class='ocrx_word' id='word_1_205' title='bbox 833 2245 1013 2286; x_wconf 79' lang='lat' dir='ltr'><strong>Hist.cr.</strong></span> <span class='ocrx_word' id='word_1_206' title='bbox 1037 2259 1077 2298; x_wconf 86' lang='lat' dir='ltr'><strong>p.</strong></span> <span class='ocrx_word' id='word_1_207' title='bbox 1093 2245 1146 2284; x_wconf 83' lang='lat'><strong>37</strong></span> <span class='ocrx_word' id='word_1_208' title='bbox 1166 2248 1207 2285; x_wconf 91' lang='lat' dir='ltr'><strong>et</strong></span> <span class='ocrx_word' id='word_1_209' title='bbox 1223 2243 1321 2282; x_wconf 82' lang='lat'>339.</span> <span class='ocrx_word' id='word_1_210' title='bbox 1361 2242 1519 2281; x_wconf 80' lang='lat' dir='ltr'><strong>Dixisse</strong></span> 
     </span>
     <span class='ocr_line' id='line_1_36' title="bbox 2 2305 1518 2369; baseline -0.001 -14"><span class='ocrx_word' id='word_1_211' title='bbox 2 2305 5 2325; x_wconf 60' lang='lat'><em>³</em></span> <span class='ocrx_word' id='word_1_212' title='bbox 48 2314 126 2356; x_wconf 80' lang='lat' dir='ltr'><strong>ista</strong></span> <span class='ocrx_word' id='word_1_213' title='bbox 160 2314 336 2366; x_wconf 73' lang='lat' dir='ltr'><strong>aliquem</strong></span> <span class='ocrx_word' id='word_1_214' title='bbox 375 2315 444 2367; x_wconf 87' lang='lat' dir='ltr'><strong>qui</strong></span> <span class='ocrx_word' id='word_1_215' title='bbox 481 2315 591 2368; x_wconf 83' lang='lat' dir='ltr'><strong>ligna</strong></span> <span class='ocrx_word' id='word_1_216' title='bbox 630 2321 870 2369; x_wconf 85' lang='lat' dir='ltr'><strong>apportaret</strong></span> <span class='ocrx_word' id='word_1_217' title='bbox 908 2322 1095 2369; x_wconf 84' lang='lat' dir='ltr'><strong>apertum</strong></span> <span class='ocrx_word' id='word_1_218' title='bbox 1136 2318 1212 2354; x_wconf 85' lang='lat' dir='ltr'><strong>est.</strong></span> <span class='ocrx_word' id='word_1_219' title='bbox 1273 2313 1349 2353; x_wconf 77' lang='lat' dir='ltr'><strong>cfr</strong></span> <span class='ocrx_word' id='word_1_220' title='bbox 1386 2312 1518 2353; x_wconf 83' lang='lat' dir='ltr'><strong>schol.</strong></span> 
     </span>
    </p>
   </div>
   <div class='ocr_carea' id='block_1_13' title="bbox 3 2378 1520 2790">
    <p class='ocr_par' dir='ltr' id='par_1_15' title="bbox 3 2378 1520 2790">
     <span class='ocr_line' id='line_1_37' title="bbox 3 2378 1520 2440; baseline -0.001 -17"><span class='ocrx_word' id='word_1_221' title='bbox 3 2378 258 2438; x_wconf 23' lang='lat' dir='ltr'><strong>2⁴Aristoph.</strong></span> <span class='ocrx_word' id='word_1_222' title='bbox 284 2385 462 2425; x_wconf 85' lang='lat' dir='ltr'><strong>Aeharn.</strong></span> <span class='ocrx_word' id='word_1_223' title='bbox 491 2386 599 2426; x_wconf 79' lang='lat'>347:</span> <span class='ocrx_word' id='word_1_224' title='bbox 627 2381 810 2440; x_wconf 82' lang='grc' dir='ltr'><em>Πάρνης</em></span> <span class='ocrx_word' id='word_1_225' title='bbox 840 2381 940 2440; x_wconf 88' lang='grc' dir='ltr'><em>ὅρος</em></span> <span class='ocrx_word' id='word_1_226' title='bbox 968 2384 1045 2435; x_wconf 77' lang='grc' dir='ltr'><em>τῆς</em></span> <span class='ocrx_word' id='word_1_227' title='bbox 1070 2381 1279 2433; x_wconf 78' lang='grc' dir='ltr'><em>Ἀττικῆς</em></span> <span class='ocrx_word' id='word_1_228' title='bbox 1303 2380 1520 2436; x_wconf 72' lang='grc' dir='ltr'><em>χορηγίαν</em></span> 
     </span>
     <span class='ocr_line' id='line_1_38' title="bbox 3 2448 1517 2510; baseline -0.005 -10"><span class='ocrx_word' id='word_1_229' title='bbox 3 2455 5 2500; x_wconf 60' lang='grc' dir='ltr'>ἶ</span> <span class='ocrx_word' id='word_1_230' title='bbox 53 2448 148 2507; x_wconf 77' lang='grc' dir='ltr'><em>ἕχον</em></span> <span class='ocrx_word' id='word_1_231' title='bbox 194 2452 367 2493; x_wconf 77' lang='grc' dir='ltr'><em>πολλῶν</em></span> <span class='ocrx_word' id='word_1_232' title='bbox 411 2451 563 2504; x_wconf 78' lang='grc' dir='ltr'><em>ξύλων.</em></span> <span class='ocrx_word' id='word_1_233' title='bbox 624 2458 828 2499; x_wconf 89' lang='lat' dir='ltr'><strong>Versuum</strong></span> <span class='ocrx_word' id='word_1_234' title='bbox 867 2459 1064 2510; x_wconf 85' lang='lat' dir='ltr'><strong>reliquias</strong></span> <span class='ocrx_word' id='word_1_235' title='bbox 1101 2456 1256 2509; x_wconf 84' lang='lat' dir='ltr'><strong>digessi</strong></span> <span class='ocrx_word' id='word_1_236' title='bbox 1297 2459 1342 2495; x_wconf 87' lang='lat' dir='ltr'><strong>ut</strong></span> <span class='ocrx_word' id='word_1_237' title='bbox 1379 2455 1517 2507; x_wconf 74' lang='lat' dir='ltr'><strong>potuit</strong></span> 
     </span>
     <span class='ocr_line' id='line_1_39' title="bbox 52 2524 1518 2580; baseline 0.001 -15.968"><span class='ocrx_word' id='word_1_238' title='bbox 52 2524 117 2564; x_wconf 80' lang='lat' dir='ltr'><strong>vix</strong></span> <span class='ocrx_word' id='word_1_239' title='bbox 145 2525 251 2565; x_wconf 88' lang='lat' dir='ltr'><strong>enim</strong></span> <span class='ocrx_word' id='word_1_240' title='bbox 269 2526 525 2578; x_wconf 86' lang='lat' dir='ltr'><strong>probaverim</strong></span> <span class='ocrx_word' id='word_1_241' title='bbox 547 2528 582 2567; x_wconf 90' lang='lat' dir='ltr'><strong>si</strong></span> <span class='ocrx_word' id='word_1_242' title='bbox 602 2528 691 2580; x_wconf 86' lang='lat' dir='ltr'><strong>quis</strong></span> <span class='ocrx_word' id='word_1_243' title='bbox 722 2534 878 2569; x_wconf 86' lang='lat' dir='ltr'><strong>mutato</strong></span> <span class='ocrx_word' id='word_1_244' title='bbox 910 2530 1129 2569; x_wconf 81' lang='lat' dir='ltr'><strong>verborum</strong></span> <span class='ocrx_word' id='word_1_245' title='bbox 1161 2526 1305 2567; x_wconf 90' lang='lat' dir='ltr'><strong>ordine</strong></span> <span class='ocrx_word' id='word_1_246' title='bbox 1335 2526 1518 2567; x_wconf 86' lang='lat' dir='ltr'><strong>scribere</strong></span> 
     </span>
     <span class='ocr_line' id='line_1_40' title="bbox 4 2589 1515 2655; baseline 0.002 -22"><span class='ocrx_word' id='word_1_247' title='bbox 4 2638 6 2640; x_wconf 15' lang='lat' dir='ltr'>q</span> <span class='ocrx_word' id='word_1_248' title='bbox 54 2593 177 2634; x_wconf 75' lang='lat' dir='ltr'><strong>vellet</strong></span> <span class='ocrx_word' id='word_1_249' title='bbox 203 2593 244 2642; x_wconf 80' lang='grc' dir='ltr'><strong>ἐς</strong></span> <span class='ocrx_word' id='word_1_250' title='bbox 279 2592 482 2649; x_wconf 84' lang='grc' dir='ltr'><em>κόρακας,</em></span> <span class='ocrx_word' id='word_1_251' title='bbox 525 2591 614 2655; x_wconf 72' lang='grc' dir='ltr'><strong>ἥξω</strong></span> <span class='ocrx_word' id='word_1_252' title='bbox 655 2596 782 2652; x_wconf 84' lang='grc' dir='ltr'><em>δεῦρο</em></span> <span class='ocrx_word' id='word_1_253' title='bbox 821 2596 898 2637; x_wconf 86' lang='grc' dir='ltr'><strong>τὸν</strong></span> <span class='ocrx_word' id='word_1_254' title='bbox 930 2594 1148 2653; x_wconf 83' lang='grc' dir='ltr'><em>Πάρνηθ’</em></span> <span class='ocrx_word' id='word_1_255' title='bbox 1194 2589 1328 2647; x_wconf 79' lang='grc' dir='ltr'><em>’ὅλονι</em></span> <span class='ocrx_word' id='word_1_256' title='bbox 1358 2596 1515 2650; x_wconf 72' lang='grc' dir='ltr'><em>(μ’ρων.</em></span> 
     </span>
     <span class='ocr_line' id='line_1_41' title="bbox 4 2652 1515 2723; baseline 0.001 -19"><span class='ocrx_word' id='word_1_257' title='bbox 4 2670 9 2680; x_wconf 83' lang='grc'><strong><em>’</em></strong></span> <span class='ocrx_word' id='word_1_258' title='bbox 56 2662 246 2705; x_wconf 80' lang='lat' dir='ltr'><strong>Ceterum</strong></span> <span class='ocrx_word' id='word_1_259' title='bbox 275 2679 324 2706; x_wconf 85' lang='lat' dir='ltr'><strong>ex</strong></span> <span class='ocrx_word' id='word_1_260' title='bbox 354 2667 565 2720; x_wconf 85' lang='lat' dir='ltr'><strong>Stephano</strong></span> <span class='ocrx_word' id='word_1_261' title='bbox 596 2670 814 2710; x_wconf 81' lang='lat' dir='ltr'><strong>Musarum</strong></span> <span class='ocrx_word' id='word_1_262' title='bbox 843 2652 1118 2723; x_wconf 77' lang='lat' dir='ltr'><strong>interpolasse</strong></span> <span class='ocrx_word' id='word_1_263' title='bbox 1148 2669 1278 2711; x_wconf 85' lang='lat' dir='ltr'><strong>schol.</strong></span> <span class='ocrx_word' id='word_1_264' title='bbox 1304 2667 1515 2720; x_wconf 84' lang='lat' dir='ltr'><strong>Aristoph.</strong></span> 
     </span>
     <span class='ocr_line' id='line_1_42' title="bbox 6 2732 678 2790; baseline 0.01 -17"><span class='ocrx_word' id='word_1_265' title='bbox 6 2773 9 2790; x_wconf 63' lang='lat'><strong>=.</strong></span> <span class='ocrx_word' id='word_1_266' title='bbox 55 2732 164 2774; x_wconf 86' lang='lat' dir='ltr'><strong>Nub.</strong></span> <span class='ocrx_word' id='word_1_267' title='bbox 191 2734 273 2776; x_wconf 73' lang='lat'><strong>822</strong></span> <span class='ocrx_word' id='word_1_268' title='bbox 301 2737 398 2778; x_wconf 82' lang='lat' dir='ltr'><strong>vidit</strong></span> <span class='ocrx_word' id='word_1_269' title='bbox 426 2738 678 2780; x_wconf 85' lang='lat' dir='ltr'><strong>Dindorfius.</strong></span> 
     </span>
    </p>
   </div>
   <div class='ocr_carea' id='block_1_14' title="bbox 643 2823 908 2830">
    <p class='ocr_par' dir='ltr' id='par_1_16' title="bbox 643 2823 908 2830">
     <span class='ocr_line' id='line_1_43' title="bbox 643 2823 908 2830; baseline 0 0"><span class='ocrx_word' id='word_1_270' title='bbox 643 2823 908 2830; x_wconf 95' lang='lat' dir='ltr'><strong> </strong></span> 
     </span>
    </p>
   </div>
  </div>
 </body>
</html>
