1702 3158
606 112 958 158 ΔΙΟΝΥΣΙΟΣ.
1435 111 1521 153 219

48 239 164 292 Quae
192 233 367 290 cognitis
397 231 733 274 Florentinorum
772 230 961 272 codicum
998 226 1244 269 lectionibus
1273 225 1364 266 sine
1394 223 1521 266 dubio

49 310 139 362 ipse
178 312 322 361 postea
362 304 520 345 reiecit.
590 304 786 343 Ceterum
830 300 939 353 quod
970 300 1023 340 de
1053 298 1237 340 Platonis
1267 309 1391 337 versu
1419 296 1520 337 scri-
1566 323 1570 326 -

49 380 129 432 psit
161 379 300 420 Aelius
332 375 549 428 Dionysius
581 374 767 426 (Fragm.
802 372 960 412 Platon.
993 385 1032 424 p.
1047 371 1149 421 626)
1180 368 1308 408 rideri
1338 380 1388 407 eo
1419 380 1521 420 poe-

50 454 112 488 tas
142 449 344 500 tragicos,
384 446 453 498 qui
494 445 704 498 proprium
746 443 927 495 tragicae
969 441 1084 495 poesi
1112 439 1406 492 sigmatismum
1437 439 1522 478 evi-

50 523 220 567 tassent,
251 518 360 557 idem
392 517 444 555 de
459 515 612 556 Eubuli
642 514 874 567 fragmento
907 513 1126 552 dicendum
1156 516 1231 550 est.
1289 510 1350 550 Ac
1382 510 1521 550 nescio

52 603 102 630 an
133 588 348 640 utriusque
379 591 526 640 poetae
556 585 691 625 irrisio
722 585 773 624 ad
790 584 1029 636 Dionysium
1054 580 1275 622 referenda
1304 580 1369 629 sit,
1399 573 1524 632 quem

52 659 242 700 Eubulus
271 658 516 710 gloriantem
548 656 758 696 induxisse
787 655 961 703 videtur,
993 654 1102 706 quod
1134 651 1344 704 Euripidis
1374 652 1523 704 sigma-

54 730 174 770 tismo
215 728 397 767 Graecos
434 728 664 766 liberasset.
731 727 791 766 Ac
830 725 1007 765 fortasse
1044 719 1237 775 ἄσιγμον
1267 722 1525 775 tragoediam

52 800 94 840 in
125 802 332 839 certamen
362 796 639 844 commiserat,
669 795 899 835 cuiusmodi
927 796 1064 835 lusum
1094 806 1146 833 ne
1180 793 1403 833 Pindarum
1434 793 1525 846 qui-

52 869 148 909 dem
187 873 230 907 et
261 868 410 907 Lasum
441 865 787 906 Hermionensem
827 871 1036 905 aversatos
1076 867 1186 903 esset
1226 867 1401 903 constat.
1474 863 1524 903 V.

54 938 320 981 Casaubonus
359 936 410 976 ad
454 935 607 976 Athen.
638 935 677 975 X
716 948 758 987 p.
788 935 976 976 448c.d.
1007 936 1048 985 *)
1116 934 1177 973 De
1215 933 1401 986 Dionysii
1441 938 1525 974 tra·

54 1009 212 1062 goediis
243 1008 323 1048 dixi
355 996 462 1046 nit.
493 1006 582 1046 crit.
615 1019 655 1058 p.
687 1006 784 1046 524.

757 1118 829 1159 IV.

144 1202 238 1266 Xey‘,
265 1199 512 1257 Προκλέους
539 1196 670 1242 ἵπποι
694 1199 869 1256 χλωρὰν
898 1195 1211 1254 ψαλᾰκανθαν
1238 1195 1428 1242 ἔδουσιν.

169 1317 433 1358 Ptolemaeus
462 1317 603 1370 Heph.
634 1316 743 1370 apud
774 1315 970 1356 Photium
998 1315 1106 1356 Bibl.
1138 1315 1221 1355 190
1251 1328 1292 1368 p.
1323 1314 1430 1355 150:
1460 1305 1531 1354 ὅτι

55 1383 106 1428 τὸ
139 1385 232 1428 Χαὶ
262 1385 512 1440 Προκλέους
548 1412 603 1420 --
633 1382 832 1435 ἔδουσιν,
862 1383 1090 1438 ἀγνοηθὲν
1122 1381 1413 1440 Καλλιμάχῳ,
1444 1379 1529 1424 Εὐ-

60 1453 224 1512 βούλου
252 1455 345 1498 ἐστὶ
375 1455 455 1498 τοῦ
483 1455 674 1511 κωμικοῦ
703 1451 763 1505 εἰς
794 1452 1026 1497 Διονύσιον
1054 1453 1277 1513 κωμῳδία.
1334 1456 1410 1496 καὶ
1434 1454 1532 1510 περὶ

58 1526 135 1578 τῆς
179 1523 470 1584 παρῳδήσεως
508 1526 588 1567 τοῦ
636 1524 800 1581 στίχου.
870 1523 896 1577 ἡ
940 1525 986 1567 δὲ
1030 1524 1317 1583 ψαλάκανθα
1361 1523 1529 1578 βοτάνη

59 1596 182 1639 ἐστὶν
223 1594 471 1650 Αἰγυπτία,
519 1591 614 1647 ἥτις
649 1591 801 1645 ἵπποις
832 1598 1156 1653 περιαπτομὲνη
1195 1594 1322 1647 νίκην
1358 1596 1535 1652 παρέχει

60 1668 135 1710 καὶ
164 1665 467 1721 ιύδαιμονίαυ.
512 1670 605 1710 Non
636 1670 814 1710 dubitari
843 1674 981 1722 potest
1011 1670 1107 1721 quin
1139 1670 1250 1710 hunc
1278 1670 1414 1722 ipsum
1435 1670 1534 1710 Pto-

61 1741 210 1787 lemaei
251 1740 388 1779 locum
436 1739 489 1778 de
526 1739 790 1791 psalacanthe
833 1739 1027 1792 respiciat
1072 1740 1220 1780 Suidas
1258 1741 1318 1780 111
1356 1754 1398 1793 p.
1428 1741 1535 1781 223:

62 1808 342 1862 Πτολεμαῖος
373 1804 632 1860 Κυθήριος,
672 1805 877 1856 ἐποποιός
953 1799 1080 1856 οὗτος
1120 1805 1285 1863 ἔγραψε
1316 1809 1414 1863 περὶ
1444 1819 1537 1864 ψα-

63 1875 306 1928 λακάνθης.
364 1875 411 1917 ἐν
447 1875 586 1933 τούτῳ
624 1876 672 1917 δέ
711 1891 874 1932 φησιν,
914 1872 984 1919 ὅτι
1022 1875 1190 1932 βοτάνη
1221 1878 1314 1919 ἐστὶ
1345 1879 1536 1933 θαυμα-

65 1945 172 1999 στήν
210 1961 309 1989 τινα
347 1943 537 2001 δύναμιν
577 1945 751 2002 «ἐζ-ζουσα.
827 1953 889 1991 Ex
933 1964 1012 2003 quo
1058 1936 1304 2004 intelligitur
1342 1965 1446 2004 quae
1485 1953 1537 1992 de

66 2022 302 2062 Ptolemaeo
343 2020 541 2072 Cytherio
580 2022 875 2073 grammaticus
914 2022 1136 2074 scripserat
1175 2023 1402 2072 excidisse,
1441 2023 1537 2062 reli-

68 2092 157 2144 quis
186 2096 323 2131 autem
353 2079 480 2138 οὗτος
510 2086 673 2145 ἔγραψε
700 2096 779 2132 etc.
809 2093 1122 2146 praefigendum
1154 2105 1246 2132 esse
1265 2090 1538 2145 Πτολεμαῖος

67 2154 416 2213 Ἠφαιστίωνος.
450 2161 654 2202 *Versum
697 2163 815 2202 illum
861 2175 910 2202 ex
954 2162 1108 2203 Eubuli
1151 2162 1290 2201 fabula
1332 2169 1540 2203 servatum

68 2230 120 2271 ad
149 2231 331 2284 Dionysii
362 2232 651 2274 contumeliam
682 2229 945 2287 (κωμῳδία)
976 2238 1188 2285 spectasse
1224 2234 1315 2285 ipse
1344 2234 1542 2275 indicas-it

70 2300 354 2343 Ptolemaeus:
382 2314 524 2342 verum
555 2303 658 2342 ratio
689 2304 890 2343 irrisionis
919 2304 1028 2343 haud
1060 2304 1159 2343 satis
1191 2309 1332 2356 aperta
1364 2309 1440 2344 est.
1496 2304 1542 2344 ld

71 2381 195 2412 unum
240 2372 392 2413 scimus
431 2372 621 2412 Proclem
662 2374 785 2413 istum
826 2373 956 2413 fuisse
992 2374 1287 2425 imperatorem
1318 2375 1541 2416 Naxiorum

38 2442 325 2495 'patriamque
366 2443 597 2495 prodidisse
634 2444 830 2497 Dionysio
880 2444 1046 2496 Olymp.
1076 2444 1208 2483 XClV
1239 2445 1279 2483 2.
1354 2445 1400 2486 V.
1430 2445 1540 2485 Hist.

73 2511 162 2552 erit.
192 2525 232 2564 p.
260 2513 357 2556 361.
425 2513 702 2554 Callimachus
732 2528 813 2566 quo
844 2516 996 2567 scripto
1026 2515 1162 2554 locum
1193 2515 1376 2567 attigerit
1407 2516 1542 2555 nesci-

74 2591 177 2622 mus.
242 2582 305 2624 Ad
345 2578 530 2632 πίνακας
569 2585 806 2626 dubitanter
848 2585 1012 2625 rettulit
1047 2584 1258 2626 Bentleius
1289 2600 1328 2639 p.
1359 2586 1439 2627 221
1475 2586 1540 2627 ed.

127 2710 157 2754 ‘J
179 2710 411 2759 Tryphiodori
435 2715 625 2761 Odysseam
650 2712 798 2763 ἄσιγμον
824 2721 1070 2753 commemorat
1094 2716 1294 2751 Eustathius
1320 2728 1352 2764 p.
1368 2716 1460 2750 1379
1484 2715 1541 2752 55
