1702 3158
14 0 49 28 {s

485 151 772 196 ΧΑΡΙΤΕΣ
804 181 860 189 —
899 150 1072 197 ΩΡΑΙ.
1431 157 1516 200 353

461 278 506 320 Χ
562 275 609 317 Α
665 277 704 317 Ρ
756 276 782 317 1
844 278 886 319 Τ
937 279 981 321 Ε
1033 278 1087 322 Σ.

271 379 358 425 Οὐκ
387 378 479 430 ἐτὸς
508 377 727 436 ἐρωτῶσίν
754 395 808 435 με
837 378 1094 437 προσιόντες
1121 379 1246 434 τινές,

262 455 395 517 ὅντως
424 463 447 508 ὁ
480 465 690 523 Κραναὸς
723 463 924 518 Κτησίου
953 464 1184 510 κατεσθίει

259 550 452 604 ἔλαττον,
482 547 511 604 ἢ
541 551 794 596 δειπνοῦσιν
822 548 1068 609 ἀμφότεροι
1097 549 1259 608 συχνά,-

150 647 385 688 Athenaeus
415 644 453 685 X
483 658 524 698 p.
554 647 705 689 416e:
746 642 830 687 κᾶν
874 641 1042 700 Χάρισι
1078 642 1126 684 δὲ
1157 637 1372 698 Κραναόν
1411 654 1512 684 τινα

40 715 343 770 συγκαταλέγει
371 708 508 764 οὕτως
539 712 659 774 αὐτῷ
699 720 896 770 (Ctesiae
924 717 1141 769 helluoni)
1177 711 1266 756 Οὐκ
1295 710 1390 764 ε’τὸς
1417 713 1510 761 κτλ.

37 788 107 830 Vs.
138 789 161 828 1
193 792 287 830 ante
317 788 573 830 Dindorfium
603 789 823 843 legebatur
851 786 1043 843 ἐρωτῶσι
1072 782 1340 843 προσιόντες.

463 987 1087 1032 ΧΡΥΣΟΧΟΟΣ.

189 1101 308 1155 ’Ήδη
340 1099 496 1158 σχεδόν
523 1117 566 1144 τι
594 1100 742 1144 πάντα
773 1118 846 1146 σοι
876 1101 992 1154 πλὴν
1022 1098 1253 1153 Κτησίου·

201 1187 382 1232 δείπνου
409 1186 492 1243 γὰρ
521 1179 662 1240 οὗτος,
690 1185 749 1238 ὦς
777 1188 979 1243 λέγουσιν
1008 1187 1051 1229 οἱ
1082 1183 1233 1242 σοφοί,

202 1271 355 1332 ἀρχήν,
385 1270 588 1324 τελευτὴν
619 1270 671 1313 δ’
705 1269 784 1315 οὐκ
813 1271 1049 1316 ἐπίσταται
1077 1268 1227 1327 μόνος.

141 1366 382 1409 Athenaeus
412 1368 451 1408 X
495 1381 537 1421 p.
568 1367 720 1407 41611:
758 1361 1003 1418 'Amgistag
1043 1362 1089 1404 δὲ
1131 1359 1153 1402 ό
1186 1356 1374 1415 κωμικὸς
1404 1359 1505 1415 περὶ

31 1433 232 1486 Κτησίου
270 1435 390 1487 τινὸς
429 1434 738 1490 διαλεγόμενος
774 1435 821 1478 ἐν
853 1431 1090 1492 Χρυσοχόῳ
1126 1430 1322 1490 δράματί
1363 1443 1504 1487 φησιν

23 1502 154 1557 ”Han
183 1507 273 1549 κτλ.
333 1512 405 1553 Vs.
438 1511 460 1550 1
493 1523 536 1550 τι
564 1510 802 1551 Dindorfius
834 1523 883 1550 ex
912 1510 960 1550 Β.
1017 1508 1151 1561 Vulgo
1181 1518 1265 1546 τοι.
1325 1503 1410 1546 Sed
1441 1505 1502 1545 vi-

29 1578 181 1634 dentur
209 1580 278 1621 hic
309 1582 433 1622 etiam
464 1582 544 1622 alia
574 1594 666 1621 esse
697 1587 898 1634 corrupta.
946 1581 1034 1621 Nec
1065 1583 1200 1620 tamen
1230 1573 1362 1630 probo
1393 1574 1505 1628 quod

28 1648 237 1692 lacobsius
266 1651 406 1693 Addit.
436 1666 478 1706 p.
509 1653 592 1694 222
623 1652 824 1693 tentabat:
854 1646 941 1700 ἤδη
966 1649 1173 1705 χέσαιντο
1206 1642 1364 1694 πάντες
1392 1640 1463 1687 ἄν.

594 1828 937 1871 ΩΡΑΙ,

138 1942 314 1984 Photius
343 1945 444 1986 Lex.
474 1959 514 1999 p.
545 1945 629 1987 244
659 1947 727 1987 23.
760 1942 999 1986 Μᾶλλον
1027 1940 1266 1997 μᾶλλονε
1299 1935 1401 1980 ἀντὶ
1429 1936 1510 1981 τοῦ

19 2006 94 2055 ,ἀεὶ
135 2012 211 2053 καὶ
250 2011 421 2067 μᾶλλον
463 2038 515 2047 —
555 2011 801 2068 Ἀναξίλας
830 2010 1014 2072 “’.Ωραις,
1051 2010 1229 2066 ’Ἄλεξις
1274 2007 1505 2068 Πεζονίκῃ.

19 2082 183 2164 &adem
214 2086 374 2128 Suidas.

165 2219 553 2262 INGERTARUM
589 2220 947 2263 FABULARUM
992 2222 1367 2266 FRAGMENTA.

757 2331 787 2374 1.

200 2411 253 2455 Οἱ
279 2412 459 2468 κόλακές
487 2412 572 2460 εἰσι
601 2417 689 2460 τῶν
718 2413 915 2472 ἐχόντων
943 2411 1098 2467 οὐσίας

194 2496 421 2552 σκώληκες.
478 2500 536 2552 εἰς
566 2493 647 2545 οὗν
676 2499 843 2544 ἄκακον
872 2498 1119 2559 ἀνθρώπου
1149 2499 1313 2558 τρόπον

201 2579 349 2636 εἶσδύς
380 2579 561 2639 ἕκαστος
590 2584 740 2631 ἐσθίει
769 2584 1042 2643 καθήμενος,

181 2665 271 2716 ἕως
303 2665 358 2712 ἂν
383 2666 529 2731 ὥσπερ
559 2673 701 2731 πυρὸν
731 2672 950 2730 ἀποδείξῃ
979 2669 1118 2715 κενόν.

203 2746 353 2793 ἔπειθ’
383 2752 406 2795 ὁ
435 2760 515 2811 μὲν
543 2757 679 2816 λέμμ’
712 2758 845 2813 ἐστίν,
879 2756 903 2799 ὁ
933 2755 982 2798 δ’
1019 2757 1163 2815 ἕτερον
1194 2753 1356 2801 δάκνει.

5 2848 10 2852 ·
91 2830 260 2866 Comoed.
284 2835 377 2869 med.
1173 2831 1229 2871 23
