1702 3158
595 128 688 172 NA
698 129 775 172 YA
779 129 822 173 Γ
827 127 915 174 ΟΣ.
1418 133 1505 177 833

32 249 333 304 Theopompus
365 247 570 291 Athenaei
599 246 659 289 Xl
699 261 742 302 p.
772 247 857 289 508
874 260 910 289 o.
979 244 1074 288 vide
1115 245 1170 287 ad
1213 246 1323 290 hunc
1363 247 1503 291 locum

31 321 484 375 Schweighaeuserum.
552 319 614 360 De
644 317 944 373 Thrasymachi
973 318 1016 359 in
1046 317 1292 372 disputando
1322 320 1505 362 insolen-

31 393 111 443 tia,
146 405 268 446 quam
298 390 538 445 perstringit
566 390 805 444 Ephippus,
845 393 989 430 notum
1027 393 1090 431 est
1120 390 1301 431 Cononis
1330 390 1507 432 dictum:

35 458 342 517 Θρασύμαχος,
373 456 442 501 ἀεὶ
471 456 766 515 θρασύμαχος
795 448 846 510 εἶ,
877 460 987 514 apud
1015 461 1284 502 Aristotelem
1315 461 1441 502 Rhet.
1464 461 1506 503 11

31 535 102 576 23.
132 534 208 576 Cfr
238 535 357 575 Plato
388 533 407 574 1
437 533 490 574 de
515 545 604 586 rep.
621 530 762 585 p.415
779 544 815 572 c.
845 534 888 571 et
911 531 1113 572 Aristides
1142 531 1181 572 11
1210 545 1252 585 p.
1266 532 1348 573 381
1380 532 1503 574 Dind.

33 631 89 638 ——
133 607 205 648 Vs.
244 606 272 645 4
314 599 627 658 λιψιγομίσθῳ
654 601 721 655 ΙΑ.
785 597 1241 655 ληψιγομὶσθωτέχνη
1279 602 1313 643 Ρ
1362 603 1502 644 deleto

32 681 202 729 quartae
251 675 434 729 syllabae
474 678 660 714 accentu.
727 669 1170 726 λιψιγομισθωτέχνη
1205 673 1254 714 Β.
1312 669 1508 727 ληψιγο-

30 742 188 800 μίσθῳ
205 746 291 787 VL.
322 741 701 798 ληψολιγομίσθῳ
720 743 917 792 Adamas,
947 743 1303 793 Hemsterhusius‚
1335 745 1506 786 Coraes.

30 817 300 868 Receperunt
339 816 416 855 hoc
446 814 866 867 Schweighaeuserus
906 816 949 853 et
984 813 1237 854 Dindorfius.
1307 815 1362 855 At
1398 828 1506 867 quae

31 887 86 927 sit
113 899 179 927 ars
208 887 286 926 ista
310 881 459 937 ὀλίγον
481 881 658 938 μισθὸν
679 877 973 937 λαμβάνουσα
999 896 1080 924 non
1096 883 1319 937 perspicio.
1350 884 1507 939 Scripsi

30 957 157 1010 igitur
185 953 562 1012 ληψιλογομίσθῳ
592 954 732 1011 τέχνῃ,
764 967 846 1008 quo
875 954 919 994 id
948 955 1084 1007 ipsum
1114 955 1371 1008 significatur
1395 957 1507 1010 quod

31 1028 272 1070 Athenaeus
307 1028 530 1069 afferendis
567 1027 635 1067 his
664 1025 849 1080 Ephippi
889 1025 1077 1066 versibus
1117 1026 1403 1068 demonstrare
1434 1041 1508 1069 vo-

33 1099 134 1149 luit,
171 1099 409 1139 Platonicos
449 1096 722 1152 philosophos
759 1093 1077 1151 κωμῳδεῖσθαι
1115 1091 1173 1143 ώς
1212 1092 1286 1135 ἐπ’
1317 1092 1508 1154 ἀργυρίῳ

34 1166 433 1222 συκοφαντοῦντας.
494 1195 548 1202 —
606 1169 680 1211 Vs.
708 1167 736 1208 5
773 1161 918 1207 συνών
952 1179 1018 1214 τις
1057 1167 1160 1208 nihil
1196 1168 1323 1208 habet
1352 1170 1394 1209 in
1425 1183 1507 1222 quo

34 1240 125 1280 iure
154 1240 355 1281 offendas.
385 1265 440 1272 —-
470 1240 585 1282 Vs.7
615 1233 878 1285 ὑποκαθιεὶς
908 1232 1056 1290 ἄτομα
1087 1238 1263 1278 debetur
1292 1239 1506 1293 Scaligero

32 1311 140 1363 apud
171 1311 358 1350 Grotium
389 1311 489 1350 Exc.
520 1323 559 1362 p.
591 1311 687 1350 982.
727 1310 862 1362 Vulgo
892 1303 1195 1348 ὑποκαθιεῖσα
1224 1304 1360 1362 τᾶμα.
1398 1311 1509 1352 ABP

31 1375 332 1419 ὑποκαθιεῖσα
361 1391 411 1418 το
439 1394 518 1433 μα.
549 1407 604 1413 --
635 1380 707 1422 Vs.
726 1381 754 1420 8
775 1393 849 1433 pro
873 1374 990 1418 πόδα
1008 1381 1105 1421 libri
1123 1374 1278 1422 πολλά.
1316 1382 1508 1423 Correxit

32 1451 231 1504 Scaliger.
291 1451 448 1492 Ibidem
491 1453 524 1492 B
570 1446 703 1505 ξηρὸν
745 1465 820 1505 pro
867 1445 1010 1505 ξυρόν.
1067 1451 1412 1504 wyttenbachius
1454 1453 1508 1494 ad

0 1516 5 1520 ’
31 1522 299 1563 Plutarchum
331 1523 384 1563 de
415 1522 535 1562 discr.
567 1522 677 1563 adul.
709 1526 751 1561 et
780 1535 859 1563 am.
890 1536 929 1576 p.
960 1522 1016 1563 52
1031 1535 1068 1563 c.
1099 1519 1250 1571 δεθεὶς
1277 1517 1363 1563 ὑπὸ
1394 1536 1510 1578 σφυ-

30 1587 123 1647 pov.
179 1594 243 1634 Ex
272 1593 338 1634 his
367 1589 539 1647 σφυρὸν
566 1594 646 1633 iam
679 1594 946 1634 Casaubonus
984 1594 1232 1635 coniecerat.
1290 1595 1508 1636 Dobraeus

31 1677 107 1718 pro
137 1658 223 1703 ὑπὸ
253 1659 384 1716 ξυρὸν
413 1665 577 1704 coniicit
605 1658 818 1719 ὑποξύλῳ,
850 1662 1028 1704 πέδιλον
1054 1659 1273 1715 ὑπόξυλον
1302 1666 1509 1720 interpre-

30 1738 123 1776 tans
153 1735 206 1775 de
235 1735 437 1775 cothurno
467 1735 562 1775 basi
590 1735 735 1789 lignea
764 1737 987 1777 instructo.
1048 1736 1237 1778 Praestat
1275 1738 1356 1777 hoc
1392 1741 1508 1778 cete·-

26 1805 104 1848 xis.
161 1805 275 1846 Idem
306 1809 400 1858 post
428 1806 540 1846 hunc
577 1819 743 1847 versum
783 1807 985 1848 excidisse
1026 1808 1220 1857 coniicit,
1256 1808 1372 1848 cuius
1410 1821 1507 1850 sen-

26 1876 202 1922 tentiam
239 1877 433 1917 indicavit
470 1877 607 1918 verbis
644 1866 692 1917 εὗ
731 1875 778 1917 δὲ
811 1873 1121 1933 περιδούμενος
1159 1873 1328 1933 ἄρθρα.
1389 1880 1506 1931 Quae

32 1959 131 1990 vera
166 1960 257 1988 esse
286 1961 368 1990 non
398 1948 555 1989 dubito.
594 1974 650 1981 -
678 1950 752 1992 Vs.
782 1950 808 1989 9
841 1943 1036 2002 ἱμάντων
1064 1950 1097 1990 Β
1130 1954 1172 1991 et
1202 1954 1248 1990 ut
1278 1949 1426 2002 opinor
1453 1951 1504 1992 A.

34 2013 218 2072 ἱμάτωνι
260 2019 307 2060 Ρ.
369 2017 558 2073 ἱματίων
595 2020 683 2063 VL.
744 2015 940 2073 ἱμάντων
984 2033 1034 2060 ex
1083 2021 1319 2061 coniectura
1364 2021 1504 2073 posuit

34 2089 450 2145 Schweighaeuserus
479 2095 707 2144 praeeunte
738 2092 884 2133 Adami
914 2091 1268 2144 interpretatione.
1315 2090 1505 2131 Dindor-

22 2163 129 2214 fias.
171 2187 228 2195 —
274 2163 344 2204 Vs.
373 2163 425 2202 ll
457 2158 592 2216 σχῆμ
624 2160 857 2209 ἐπικαθεις
888 2158 1122 2216 βακτηοία.
1182 2162 1382 2203 Similiter
1410 2161 1505 2204 Ari·

34 2234 251 2286 stophanes
291 2233 566 2274 Eccles.150
604 2234 657 2274 de
693 2234 870 2274 muliere
909 2233 1246 2274 concionabunda
1289 2229 1505 2285 διερεισα-

32 2301 140 2358 μένη
168 2300 220 2343 τὸ
249 2301 396 2357 σχῆμα
426 2302 480 2360 τῇ
511 2300 744 2359 βακτηρία.
806 2329 862 2336 --
919 2305 991 2346 Vs.
1024 2305 1079 2344 12
1119 2304 1245 2343 verba
1273 2297 1507 2357 ἀλλότριον

33 2369 109 2414 οὐκ
137 2367 294 2414 οικεῖον
324 2376 501 2416 dubitari
523 2379 663 2429 potest
691 2380 830 2416 utrum
860 2388 953 2416 cum
983 2386 1132 2428 σχημα
1162 2388 1214 2415 an
1245 2387 1338 2415 cum
1367 2370 1508 2425 ἔλεξεν

35 2446 226 2498 coniungi
263 2447 455 2488 debeant.
520 2447 642 2488 Prius
680 2447 875 2501 praetulit
904 2446 1246 2500 Wyttenbachius
1281 2446 1309 2486 l.
1339 2446 1367 2487 Ι.
1407 2460 1504 2500 pro-

36 2517 128 2565 pter
156 2515 410 2558 Platonicum
447 2517 551 2558 illud
580 2513 824 2572 ἀλλοτρίοις
848 2511 1052 2572 χρώμασι
1092 2516 1167 2556 καὶ
1197 2513 1393 2570 σχήμασι
1417 2513 1504 2571 χή-

39 2593 105 2621 τει
129 2577 295 2626 οἰκείων
329 2583 632 2641 κοσμούμενον
662 2589 853 2630 Phaedro
885 2605 925 2643 p.
941 2589 1022 2628 341
1056 2587 1106 2628 G.
1149 2588 1292 2640 Itaque
1333 2589 1501 2629 simula-

38 2655 122 2693 tam
149 2655 386 2708 gravitatem
415 2660 683 2715 assumpsisse
708 2660 858 2700 dicitur
886 2659 1216 2701 adolescentulus
1245 2660 1317 2701 ille
1348 2664 1487 2701 orator
