1702 3158
187 176 270 215 388
774 164 1031 209 ALExlms

533 342 1295 387 ΑΜΠΕΛΟΥΡΓΟΣ.

843 465 874 506 1.
934 465 987 505 11.

305 551 575 594 Antiatticista
604 563 644 604 p.
674 551 729 591 82
758 550 799 589 4.
832 542 893 587 'A
905 558 966 586 να
981 545 1006 587 δ
1018 561 1035 587 ε
1048 559 1072 587 ν
1085 546 1143 602 δρ
1155 543 1182 587 ά
1193 562 1214 595 ς
1227 564 1236 589 :
1274 543 1450 598 ”Λλεξις
1476 542 1641 600 Ἀμηε-
1697 601 1699 604 y

193 618 369 677 λουργῷ.
427 621 541 661 Idem
571 634 610 673 p.
634 620 688 660 82
718 619 759 659 5.
785 613 847 656 ’A
858 630 888 656 π
899 615 1145 670 ολογηθῆ
1158 629 1220 658 να
1232 631 1269 658 ιε
1301 613 1400 658 ἀντὶ
1427 613 1505 656 τοῦ
1533 612 1642 656 ἀπο-

198 687 499 743 λογήσασθαι.
547 684 724 738 ’'Alte-{519
749 682 1074 743 Ἀμπελουργῷ.

722 875 768 915 A
796 875 840 915 Ν
874 874 915 914 Τ
938 873 979 913 Ε
1005 872 1036 913 Ι
1057 872 1112 913 Α,

308 976 413 1018 Vide
442 977 550 1017 nist.
583 976 674 1017 crit.
704 990 744 1029 p.
762 977 830 1017 32.
861 976 944 1016 322
974 979 1015 1015 et
1044 973 1286 1027 Antiphanis
1316 974 1477 1026 Fragm.
1506 987 1546 1026 p,
1579 975 1643 1013 18.

642 1147 1220 1192 ΛΠΟΒΑΤΗΣ.

758 1256 999 1314 Χορόνικος
1027 1257 1051 1300 ὁ
1082 1256 1265 1309 ποιητὴς
1295 1255 1377 1300 ὁδί.

337 1344 393 1388 Β.
423 1341 555 1385 τίνων
584 1341 764 1395 ποιητὴς
794 1340 1028 1400 ᾀσμάτωνς
1055 1343 1113 1385 A.
1145 1340 1314 1397 σεμνῶν
1344 1336 1472 1383 πάνυ.

334 1427 390 1469 Β.
420 1425 462 1468 τί
492 1425 600 1483 πρὸς
628 1426 705 1469 τὸν
732 1425 902 1483 Ἀργᾶν
931 1418 1077 1479 οὗτος,·
1106 1426 1163 1468 Α.
1193 1422 1354 1481 ἡμέρας
1383 1421 1527 1481 δρόμῳ

338 1509 554 1566 κρείττων.

311 1602 547 1643 Athenaeus
575 1600 674 1643 XlV
701 1615 742 1654 p.
765 1601 911 1642 638⁶:
953 1596 1030 1639 τοῦ
1066 1595 1206 1653 Ἀργᾶ
1232 1596 1490 1653 μνημονεύει
1510 1592 1644 1637 ’Ἀλε-

202 1670 264 1722 ξις
293 1669 339 1711 ἐν
372 1666 607 1726 Ἀποβάτῃ
643 1663 778 1718 οὕτως
809 1664 1049 1725 Χορόνικος
1077 1667 1165 1711 κτλ.
1195 1671 1304 1712 Vs.l
1336 1665 1360 1709 ὃ
1389 1669 1569 1710 additum
1601 1681 1651 1708 ex

201 1742 358 1783 BPVL.
390 1754 470 1781 om.
493 1743 542 1781 A.
572 1742 679 1780 Tum
710 1736 781 1779 ὁδὶ
810 1743 859 1781 Δ.
889 1736 913 1779 ὁ
943 1737 997 1788 δὴ
1029 1740 1148 1782 PVL.
1178 1740 1239 1780 De
1269 1739 1498 1780 Choronico
1528 1742 1650 1790 poeta

203 1811 305 1851 nihil
343 1811 508 1851 aliunde
549 1814 803 1861 compertum
839 1810 986 1849 habeo.
1039 1833 1094 1840 —
1152 1810 1222 1850 Vs.
1252 1809 1280 1848 3
1320 1804 1480 1861 ἡμέρας
1506 1802 1652 1862 δρόμῳ

201 1875 416 1932 κρείττων.
473 1879 606 1920 Affert
635 1879 740 1918 haec
770 1880 894 1919 etiam
923 1878 1163 1919 Eustathius
1193 1890 1234 1929 p.
1265 1878 1373 1917 1226
1404 1879 1459 1918 15
1491 1891 1654 1930 compa-

202 1962 297 1990 rans
325 1949 531 2001 Aristoph.
562 1949 666 1988 Ran.
697 1949 774 1988 91:
813 1946 936 1986 πλεῖν
963 1940 991 1996 ἢ
1024 1942 1187 2000 σταδίῳ
1214 1943 1459 2000 λαλίστερα.
1524 1946 1655 1998 Syne-

204 2019 287 2060 aius
316 2019 449 2071 Epist.
479 2016 561 2057 135
591 2030 632 2069 p.
661 2018 771 2056 272:
808 2009 919 2056 ὥστε
955 2028 1033 2068 μοι
1061 2013 1202 2054 δοκεῖν
1230 2013 1350 2054 πλεῖν
1378 2010 1406 2063 ἢ
1435 2011 1658 2069 παλαιστῇ

204 2085 278 2127 καὶ
307 2081 503 2141 δακτύλῳ
532 2084 744 2137 γενέσθαι
772 2082 1031 2145 σοφώτερος.
1088 2086 1149 2126 De
1178 2086 1310 2137 Arga,
1339 2088 1461 2138 poeta
1490 2088 1532 2124 et
1560 2096 1654 2124 can-

205 2162 297 2198 tore
334 2156 446 2197 haud
482 2156 699 2206 incelebri,
738 2156 812 2196 sed
850 2157 1027 2197 novitiae
1066 2155 1142 2195 arti
1173 2154 1312 2194 dedito
1345 2157 1387 2194 et
1415 2153 1467 2194 ad
1494 2156 1655 2192 veteres

206 2227 321 2276 illos,
363 2225 650 2278 Terpandrum
680 2229 722 2266 et
750 2226 1021 2278 Plu-ynidem,
1061 2237 1144 2266 non
1174 2222 1444 2276 comparando
1474 2221 1653 2262 Phaniae

206 2295 343 2337 Eresii
380 2294 578 2334 iudicium
616 2295 751 2335 attulit
779 2295 1016 2336 Athenaeus
1053 2295 1080 2335 l.
1110 2295 1140 2335 l.
1183 2291 1401 2338 Τελένικος
1435 2285 1460 2329 ὁ
1489 2284 1654 2339 Βυζάν-

207 2374 324 2413 τιος,
349 2360 413 2402 ἔτι
442 2361 488 2401 δὲ
511 2358 701 2417 Ἀργᾶς,
730 2363 909 2413 ποιηταὶ
935 2360 1176 2416 μοχθηρῶν
1204 2358 1327 2410 ὄντες,
1353 2355 1520 2413 νόμων,
1548 2355 1656 2412 πρὸς

205 2432 285 2485 μὲν
315 2428 390 2472 τὸν
418 2429 532 2471 ἴδιον
563 2430 817 2486 χαρακτῆρα
854 2430 930 2482 τῆς
969 2427 1180 2481 ποιήσεως
1216 2426 1448 2485 εὐπόρουν,
1487 2425 1572 2467 τῶν
1608 2425 1655 2467 δὲ

212 2497 491 2556 Τερπάνδρου
535 2501 609 2541 καὶ
649 2497 865 2555 Φρύνιδος
905 2495 1050 2554 νόμων
1085 2497 1184 2540 οὐδὲ
1218 2495 1330 2539 κατὰ
1362 2493 1516 2553 μικρὸν
1549 2492 1655 2547 ἡδύ-

206 2580 339 2610 ναντο
367 2567 626 2624 ἐπιψαῦσαι.
684 2573 761 2612 Cui
789 2572 992 2612 consentit
1021 2569 1263 2610 Plutarchus
1292 2569 1342 2611 V.
1373 2568 1581 2609 Demosth.
1600 2568 1651 2608 4:

204 2637 366 2693 Ἀργᾶς
393 2634 586 2692 τοῦνομα
615 2639 796 2690 ποιητὴς
824 2629 880 2689 ἦν
907 2635 1052 2692 νόμων
1081 2634 1280 2692 πονηρῶν
1315 2636 1389 2677 καὶ
1417 2632 1651 2691 ἀργαλέων.

204 2709 449 2764 Hesychius,
475 2704 662 2764 ’.Αργᾶςε
692 2709 766 2750 καὶ
793 2705 979 2760 ποιητὴν
1005 2704 1238 2762 μοχθηρὸν
1263 2701 1433 2763 Ἀργᾶν
1459 2700 1651 2747 ἐκάλουν.
