1702 3158
297 563 355 618 A
394 561 456 617 N
496 560 551 616 Τ
591 560 623 616 Ι
661 559 714 615 Ρ
755 558 819 615 H
858 558 916 614 A
955 556 1018 614 N
1058 558 1113 615 Ε
1158 557 1225 615 S.

469 664 598 715 (nist.
628 663 718 704 crit.
747 676 789 717 p.
820 662 904 703 304
936 664 1048 716 sqq.)

338 871 1174 926 APP01K02.*)

751 989 783 1029 Ι.

768 1071 859 1113 Καὶ
921 1068 1076 1127 πρῶτα
1132 1070 1214 1123 μὲν

185 1153 294 1210 αἴρω
351 1153 571 1206 ποθεινὴν
626 1154 770 1210 μᾶζαν
792 1187 804 1208 ,
862 1151 920 1207 ἣν
977 1154 1211 1212 φερέσβιος

184 1236 279 1290 Δηώ
339 1238 536 1295 βροτοῖσι
586 1236 739 1297 χάρμα
796 1239 1000 1296 δωρεῖται
1059 1238 1217 1297 φίλον·

181 1322 330 1366 ἔπειτα
387 1323 546 1366 πνικτὰ
601 1323 760 1381 τακερὰ
805 1322 1034 1381 ’μηκάδων
1090 1323 1216 1380 μέλη,

177 1407 314 1463 χλόην
369 1409 729 1466 καταμπέχοντα,
787 1407 934 1469 σάρκα
993 1407 1185 1464 νεογενῆ.

184 1493 240 1535 Β.
271 1491 315 1534 τί
344 1493 499 1548 λέγειςς
527 1495 587 1538 Α.
619 1494 872 1553 τραγῳδίαν
902 1492 1095 1552 περαίνω
1124 1482 1419 1550 Σοφοκλέουὲ.

129 1608 366 1648 Athenaeus
407 1608 464 1648 IX
501 1622 542 1661 p.
573 1609 716 1651 3961).
762 1611 815 1652 de
857 1609 1051 1657 πνικτοΐς
1097 1602 1314 1663 κρεαδίοις
1358 1606 1488 1648 disse-

18 1691 137 1718 rens:
163 1671 440 1731 ’Λντιφάνης
465 1673 513 1716 δ’
535 1675 582 1716 ἐν
604 1672 825 1735 ”Λγροίκῳ
846 1679 942 1720 Καὶ
964 1677 1115 1733 πρῶτα
1139 1679 1219 1731 μὲν
1242 1675 1332 1718 κτλ.
1373 1677 1489 1719 Vs.3

17 1761 92 1801 pro
106 1743 201 1796 Δηώ
234 1751 328 1787 ante
345 1747 631 1787 casaubonum
661 1749 878 1801 legebatur
892 1745 1116 1801 Δημήτηρ.
1182 1748 1371 1788 Eandem
1400 1747 1489 1787 for-

15 1830 136 1866 mam,
166 1817 327 1857 mediae
357 1817 595 1857 comoediae
624 1819 758 1870 poetis
785 1817 1116 1871 frequentatam,
1146 1817 1347 1857 habemus
1377 1817 1489 1870 apud

14 1888 327 1940 Aristophanem
357 1887 468 1928 Plut.
497 1887 595 1928 515.
654 1889 920 1930 Xenarchum
962 1889 1097 1930 Butal.
1137 1901 1195 1928 vs.
1227 1887 1255 1927 5
1295 1891 1338 1927 et
1376 1888 1487 1940 apud

13 1959 145 2012 ipsum
182 1958 456 2011 Antiphanem
486 1959 670 2012 Aphrod.
703 1959 735 2009 1,
767 1961 807 2000 9.
878 1960 959 2000 Pro
1000 1955 1134 2014 φίλον
1172 1959 1207 1999 L
1246 1958 1373 1998 habet
1411 1953 1487 2012 φί-

13 2026 115 2069 λων.
172 2054 228 2060 -—
296 2028 367 2070 Vn.
397 2027 425 2081 5
454 2026 563 2080 μέλη
588 2024 726 2081 χλόην
755 2028 1092 2083 καταμπέχοντα
1118 2028 1486 2081 Schweighaeuse-

11 2112 83 2141 rns
110 2102 226 2140 reete
254 2098 431 2151 explicat
460 2099 513 2138 de
542 2100 708 2152 caprina
737 2114 861 2141 carne
890 2101 1012 2141 variis
1042 2099 1183 2140 herbis
1212 2098 1391 2139 condita.
1430 2124 1486 2131 —-

13 2171 86 2213 ve.
104 2172 130 2210 6
161 2182 235 2223 pro
265 2166 399 2220 λέγεις
423 2169 458 2209 L
488 2169 615 2210 habet
642 2167 783 2225 λέγῃς.
843 2171 926 2211 Pro
955 2166 1161 2225 περαίνω,
1193 2181 1299 2221 quae
1329 2170 1486 2210 Casan-

12 2240 110 2281 lwni
140 2245 203 2280 eet
233 2239 489 2288 emendatio,
527 2239 622 2280 libri
661 2242 814 2282 habent
850 2238 1064 2296 παραινῶ.
1127 2234 1358 2292 Ἰαμβεΐον
1405 2252 1486 2280 πε-

13 2307 179 2365 ραίνειν
225 2311 325 2350 dixit
368 2310 665 2363 Aristophanes
710 2313 818 2353 Nub.
867 2313 980 2353 117⁰
1021 2316 1064 2352 et
1107 2310 1385 2351 Philostratus
1431 2311 1482 2353 V.

13 2380 148 2433 Apoll.
175 2379 253 2421 Vll
290 2381 331 2421 3,
372 2375 520 2437 ῥήσεις
557 2377 780 2435 περαίνειν
816 2383 884 2423 vel
919 2375 1297 2436 διαπεραίνεσθαι
1334 2381 1483 2422 Semus

14 2448 214 2490 athenaei
242 2450 337 2492 x1v
364 2464 406 2503 p.
437 2452 562 2493 6221:
602 2458 645 2494 et
674 2454 822 2495 Ponux
854 2455 912 2496 1v
942 2454 1040 2494 113.
1084 2448 1326 2505 Τελαμῶνα
1355 2451 1484 2500 (can-
1528 2460 1532 2464 ‘

14 2521 101 2559 tum
130 2520 410 2572 convivalem)
440 2518 663 2576 περαίνειν
702 2525 793 2578 ipse
823 2524 1080 2578 Antiphanes
1110 2522 1264 2576 Diplas.
1297 2523 1369 2564 IV.
1411 2521 1484 2574 qui

17 2586 197 2629 :imiliter
223 2590 305 2632 hoo
333 2592 459 2633 verbo
490 2605 588 2634 usus
619 2606 712 2636 esse
742 2595 905 2637 videtur
933 2596 976 2636 in
1006 2594 1156 2637 Auleta
1185 2605 1244 2634 vs.
1275 2592 1317 2633 5.

110 2730 140 2772 ⁸)
165 2731 204 2762 V.
227 2733 314 2767 nist.
339 2734 414 2769 crit.
438 2747 472 2780 p.
499 2738 579 2771 331.

1137 2796 1163 2835 1
1196 2799 1215 2817 ¹⁸
