1656 3146
247 178 332 219 708
818 173 1116 217 monoRUs.

217 307 222 310 *
252 302 356 344 quae
383 291 478 329 sunt
506 299 688 336 necesse,
719 289 805 326 tum
832 286 906 327 ille
936 286 1177 327 accumbens
1205 285 1382 330 suaviter

253 374 300 401 se
328 358 498 411 prandio
528 358 718 405 delectat,
749 356 976 405 manducat,
1007 356 1122 406 bibit,

255 431 420 469 domum
450 426 695 479 regreditur,
725 429 767 465 et
795 425 959 477 quidem
990 425 1080 466 sine
1109 425 1305 477 symbola.

254 499 364 537 idem
395 510 470 549 ego
501 507 608 536 nunc
637 494 765 534 facio:
795 507 970 546 namque
998 495 1069 534 ubi
1098 494 1228 535 lectos
1258 496 1399 535 videro

256 571 403 607 stratos
434 570 475 605 et
505 577 664 605 mensas
693 567 904 604 exornatas
935 565 1118 616 opipare,

256 636 470 687 furemque
499 638 693 687 apertam,
722 633 908 685 protinus
938 633 1102 674 silentio

258 705 480 758 ingredior,
509 709 551 743 et
580 716 645 743 me
673 715 830 742 comem
859 702 981 751 facto,
1010 702 1054 742 id
1083 703 1204 743 unice

259 787 418 822 curans,
447 774 643 813 molestus
672 785 724 812 ne
753 772 830 811 sim
860 772 1164 824 computoribus
1183 785 1196 811 ε

261 848 348 883 tum
379 847 595 895 postquam
626 841 823 894 appositis
852 845 1004 880 memet
1034 841 1175 880 satiavi
1206 840 1301 890 bibi,

263 913 428 953 domum
457 912 681 964 regredior,
712 914 756 950 ut
784 911 820 949 is
849 922 971 961 quem
1006 909 1087 949 dixi
1117 910 1312 961 Iuppiter.

264 983 344 1022 iam
375 994 472 1021 vero
503 993 592 1020 rem
621 979 750 1019 fuisse
779 980 994 1019 honestam
1023 979 1242 1030 antiquitus

264 1054 307 1091 et
335 1050 566 1103 gloriosam,
595 1049 675 1088 hoe
704 1051 946 1101 argumento
975 1047 1198 1099 intelligas.

264 1121 367 1159 haec
396 1119 535 1159 civitas
565 1118 710 1157 eximio
740 1122 920 1157 mactans
949 1116 1175 1156 Herculem

264 1189 424 1229 honore
454 1187 640 1227 curiatim
670 1198 784 1226 sacra
813 1186 874 1225 illi
902 1185 1020 1225 facit:

266 1260 378 1311 atqui
407 1258 456 1297 ad
486 1270 535 1296 ea
562 1269 676 1296 sacra
706 1267 908 1307 nunquam
939 1254 1140 1307 parasitos
1170 1253 1257 1293 Deo

266 1334 336 1369 aut
365 1339 492 1367 urnae
520 1330 629 1365 sorte
658 1329 728 1365 aut
757 1325 864 1365 forte
893 1324 1062 1364 fortuita
1088 1324 1236 1375 accipit

267 1398 569 1451 qualescunque
598 1393 800 1444 homines,
832 1407 928 1434 cura
958 1394 1031 1434 sed
1061 1406 1206 1446 magna
1236 1392 1347 1445 legit.
1404 1407 1412 1415 ·

267 1467 378 1507 vices
407 1466 622 1505 duodecim
652 1465 799 1504 civium
830 1476 854 1503 e
883 1463 1130 1516 primoribus

270 1541 311 1576 et
339 1536 391 1575 de
420 1534 585 1574 familiis
615 1539 731 1574 natos
762 1533 1032 1586 optimalibus,

270 1606 385 1658 queis
414 1606 466 1644 sit
496 1604 606 1643 domi
635 1616 714 1653 res,
746 1604 895 1654 quique
925 1602 1099 1642 honeste
1128 1600 1313 1640 vixerint.

270 1687 321 1714 ex
348 1674 444 1714 inde
473 1672 626 1713 factum
653 1677 716 1713 est
746 1671 968 1712 Herculem
998 1671 1203 1710 imitantes
1233 1672 1307 1722 yiri

271 1744 458 1796 opulenti
488 1743 686 1795 parasitos
715 1747 761 1782 ut
789 1742 1018 1794 deligerent
1047 1740 1152 1780 sibi:

270 1816 312 1852 at
339 1813 380 1852 in
415 1825 465 1852 eo
494 1816 721 1864 peccatum,
751 1810 860 1863 quod
887 1823 968 1850 non
998 1809 1276 1851 festivissimos
1342 1852 1346 1856 ,

245 1904 249 1909 κ
272 1882 475 1935 legerunt,
504 1882 576 1921 sed
608 1882 677 1932 qui
706 1884 872 1920 nossent
901 1880 1159 1928 assentarier,

273 1951 441 1992 laudare
470 1955 637 1990 cuncta:
667 1962 796 2000 usque
825 1949 929 1988 adeo
959 1952 1002 1988 et
1028 1949 1063 1988 si
1092 1948 1183 2000 quis
1211 1947 1419 1988 rancidum

274 2021 443 2061 silurum
471 2024 541 2060 aut
572 2018 741 2071 raphani
769 2021 902 2057 ructet
930 2017 1263 2069 graveolentiam,

274 2101 465 2142 pransum
494 2101 585 2128 esse
615 2088 754 2127 dicunt
783 2087 909 2126 violas
938 2087 1158 2139 permixtas
1187 2087 1304 2126 rosis.

276 2159 386 2211 quod
415 2158 451 2198 si
485 2170 607 2210 quem
634 2158 746 2197 iuxta
775 2157 1018 2196 accumbens
1047 2156 1249 2208 displodat
1277 2159 1406 2205 nates,

277 2240 381 2280 opus
410 2232 472 2268 est
501 2227 673 2267 admotis
702 2226 806 2266 alter
832 2226 940 2265 dicat
969 2226 1148 2274 naribus,

277 2302 359 2337 tam
389 2298 509 2337 dulce
538 2297 831 2345 suffimentum,
859 2308 1028 2347 quaeso,
1053 2294 1163 2335 unde
1192 2297 1254 2333 est
1284 2293 1387 2333 tibi?

278 2380 354 2419 per
380 2368 473 2407 illos
503 2366 614 2406 nulla
643 2369 806 2406 utentes
835 2377 926 2405 cum
955 2364 1200 2404 verecundia

278 2450 347 2478 res
375 2438 479 2477 bona
511 2443 552 2477 et
581 2436 752 2477 honesta
782 2436 918 2487 coepit
945 2434 1193 2475 infamat-ier.
