1702 3158
396 139 603 184 ΟΜΟΙΑ
659 136 714 176 -ἶ-
780 136 1168 182 ΟΡΧΗΣΤΡΙΣ.
1438 139 1524 184 459

47 258 142 301 libri
179 254 226 297 δὲ
260 253 412 311 χαίρω.
482 256 756 310 Transposuit
793 254 1033 296 Erfurdtius
1073 254 1248 296 Observ.
1287 253 1340 295 ml
1370 254 1524 297 Athen.

48 330 204 384 p.456.
235 354 289 361 —
320 328 512 381 Vs.4sq.
543 327 678 380 Vulgo
707 328 765 367 ita
779 337 1050 380 personarum
1070 326 1180 366 vices
1209 324 1524 368 describuntur:

48 399 140 447 τοῖς
169 396 377 453 νυμφίοις
392 395 657 453 μετιοῦσι-
674 394 733 439 Β.
750 395 831 446 τὴν
859 391 1040 450 νύμφην
1067 393 1214 448 λέγεις.
1244 393 1304 437 Α.
1321 394 1527 450 παρέχειν

50 466 224 524 ἄμητας
254 474 332 511 etc.
390 472 445 511 At
472 482 616 522 parum
647 474 754 522 apte,
785 474 831 509 ut
860 468 961 509 mihi
993 468 1160 521 quidem
1190 467 1368 518 videtur,
1400 469 1527 508 verba

50 538 134 592 τὴν
169 537 349 595 νύμφην
382 537 516 591 λέγεις
556 540 674 580 alteri
715 539 1007 580 interlocutori
1047 539 1301 579 tribuuntur.
1379 539 1527 579 Delevi

21 630 23 632 ·
51 613 179 667 igitur
221 623 488 666 personarum
524 614 663 661 notas3
703 624 780 665 pro
811 608 945 662 λέγεις
974 615 1115 651 autem
1142 609 1324 650 fortasse
1361 601 1430 649 ἀεὶ
1459 608 1528 649 vel

52 683 186 725 simile
215 682 312 736 quid
341 681 619 722 scribendum.
652 706 701 711 —
734 683 806 724 Vs.
837 683 864 722 7
896 681 988 723 cod.
1021 683 1056 723 A
1086 678 1294 733 ζωμοῖσιν
1321 672 1399 728 ἠδ’
1432 691 1528 732 ομω

50 753 190 802 θεοῖς.
247 754 474 794 Tentabam
506 753 604 793 olim
635 754 805 805 Quaest-
840 752 1060 795 Meuandr.
1092 766 1132 805 p.
1149 753 1204 792 26
1233 748 1390 803 ζωμοῖς
1420 744 1530 801 ἁνή-

52 819 171 878 δομ’.
245 823 454 868 Iacobsius
490 823 706 865 Animadv.
745 837 785 876 p.
816 823 898 863 341
939 821 1146 875 ζωμοῖσιν
1185 816 1372 874 οὐδάμ’,
1416 822 1528 875 quod

50 908 133 939 non
162 893 371 947 displicuit
400 893 610 935 Lobeckio
643 894 693 934 ad
725 888 880 946 Phryn.
911 907 953 946 p.
982 893 1081 943 563,
1122 893 1192 946 qui
1229 893 1322 946 ipse
1358 892 1414 934 de
1452 888 1529 946 ἄχ-

50 964 201 1018 θομαι
228 964 486 1006 restituendo
516 965 736 1019 cogitabat.
774 964 1193 1018 Schweighaeuserus
1222 961 1379 1017 ζωμοΐς
1407 958 1531 1014 ἀηδοῖ

52 1030 116 1091 γ’.
175 1035 260 1078 Sed
277 1036 390 1078 -nihii
419 1035 568 1077 horum
600 1037 784 1078 omnium
813 1049 958 1088 verum
988 1040 1064 1078 est.

563 1258 1031 1305 ΟΙΙΩΡΑ.

953 1361 1088 1415 Οἶνον
1120 1369 1261 1415 πολύν

188 1455 247 1506 οὐ
273 1458 536 1515 κεκραμένον
565 1455 619 1501 σύ
650 1455 788 1509 πίνεις
818 1457 979 1515 μεστὸς
1006 1454 1070 1503 ὢν
1098 1456 1202 1502 κούκ
1230 1459 1413 1516 ἐξεμεΐςς

166 1563 406 1623 Athcnaeus
435 1563 473 1605 X
502 1577 542 1617 p.
572 1563 718 1605 4432:
755 1562 901 1622 καλῶς
932 1561 1041 1618 πρὸς
1070 1561 1171 1613 τοὺς
1201 1557 1315 1604 οὕτω
1356 1565 1533 1614 (immo-

55 1633 176 1685 dIce)
206 1628 453 1681 λάπτοντας
491 1630 569 1673 τὸν
598 1624 721 1675 οἶνον
750 1632 774 1675 ὁ
805 1633 937 1685 αὐτὸς
967 1632 1149 1688 ”Αλεξις
1186 1634 1233 1676 ἕν
1259 1630 1449 1691 Ὀπώρᾳ
1477 1659 1533 1667 -—

57 1700 199 1757 φησίν
222 1693 353 1744 Οἶνον
382 1702 521 1744 πολὺν
550 1703 640 1746 κτλ.
700 1706 800 1748 Post
829 1706 1093 1761 κεκραμένον
1123 1708 1261 1748 addidi
1291 1701 1361 1748 σύ.
1419 1707 1534 1761 Opo-

56 1787 158 1825 ram,
190 1789 212 1815 a
242 1789 321 1828 qua
350 1776 530 1816 fabulam
561 1777 770 1830 inscripsit
788 1779 945 1829 Alexis,
973 1779 1202 1819 meretricis
1221 1791 1371 1819 nomen
1402 1777 1535 1817 fuisse

56 1847 182 1889 tradit
210 1849 446 1888 Athenaeus
476 1847 578 1887 XIII
608 1860 649 1899 p,
677 1847 761 1888 567
776 1862 810 1890 c.
883 1850 988 1891 Vide
1027 1855 1163 1891 tamen
1201 1862 1326 1903 supra
1354 1848 1405 1888 ad
1434 1849 1534 1890 Am-

58 1919 196 1974 phidis
224 1919 258 1960 F
262 1932 390 1973 ragm.
419 1919 499 1959 inc.
530 1931 571 1971 p.
603 1918 700 1958 321.

562 2095 1041 2141 ΟΡΕΣΤΗΣ.

178 2212 416 2254 Athenaeus
443 2213 501 2256 vl
531 2228 572 2267 p.
603 2213 686 2254 247
704 2227 742 2254 e.
781 2213 833 2253 de
864 2213 1033 2266 parasiti
1063 2212 1248 2265 partibus
1286 2212 1329 2253 in
1359 2213 1540 2253 comico-

66 2296 157 2326 rum
185 2283 336 2325 fabulis
366 2297 516 2338 agens:
545 2283 620 2325 καὶ
641 2279 821 2334 ”Αλεξις
852 2281 897 2322 ἐν
920 2277 1125 2338 Ὀρέστῃ,
1159 2278 1463 2343 Νικόστρατός
1493 2279 1540 2322 τ’

65 2351 111 2396 ἒν
138 2350 338 2412 Πλούτῳ,
369 2350 630 2411 Μένανδρός
659 2349 704 2394 τ’
733 2353 780 2394 ἐν
811 2352 955 2410 Me'ffg]
985 2354 1061 2394 καὶ
1094 2352 1357 2410 Νομοθέτῃ.

495 2542 1108 2586 ΟΡΧΗΣΤΡΙΣ.

239 2653 282 2695 Γ
275 2655 415 2708 υναιξὶ
445 2653 492 2697 δ’
525 2654 648 2714 ἀρκεῖ
672 2653 802 2700 πάντ’
834 2655 913 2698 ἐὰν
943 2647 1060 2705 οἶνος
1091 2654 1210 2714 παρῇ

166 2735 169 2736 ’
240 2735 379 2781 πίνειν
408 2739 597 2799 διαρκής.
655 2742 712 2788 Β.
744 2739 854 2783 ἀλλὰ
884 2738 988 2798 μήν,
1019 2739 1072 2794 νὴ
1103 2739 1159 2782 τα)
1195 2736 1305 2791 θεώ,
