1702 3158
578 133 662 176 TA
666 130 798 176 PAN
801 131 909 176 TIN
914 129 989 177 01.
1438 138 1526 181 488

455 303 497 346 T
521 303 567 346 A
598 302 642 344 Ρ
664 303 712 344 Α
739 302 790 345 Ν
819 304 861 345 Τ
884 303 909 345 1
938 303 984 346 Ν
1019 301 1055 346 O
1084 301 1120 349 Ι.

704 391 737 432 1.
797 391 851 432 Π.

270 474 325 518 Οἱ
356 470 729 529 πυθαγορίζοντες
758 469 855 529 γάρ,
886 470 945 524 ὠς
976 470 1207 530 ἀκούομεν,

267 555 369 603 οὔτ’
401 555 520 614 ὄψον
548 556 787 601 ἐσθίουσιν
816 555 915 600 οὔτ’
950 555 1051 601 ἄλλ’
1083 556 1187 602 οὐδὲ
1216 558 1261 602 ἕν

263 642 477 701 ἔμψυχον,
506 635 630 686 οἶνόν
659 640 705 685 τ’
738 639 838 701 οὐχὶ
866 641 1074 688 πίνουσιν
1101 642 1248 701 μόνοι.

259 730 318 775 B.
344 726 635 787 Ἐπιχαρίδης
662 730 814 785 μέντοι
842 727 976 780 κύνας
1004 728 1251 782 κατεσθίει,

204 819 234 861 5
262 814 349 858 τῶν
378 814 709 870 Πυθαγορείων
736 808 811 865 εἷς.
871 816 929 858 Α.
960 812 1224 867 ἀποκτείνας
1250 817 1332 872 μὲν
1360 807 1468 860 οὖν·

259 898 338 944 οὐκ
367 897 432 944 ἔτι
460 898 544 958 γὰρ
573 898 670 944 ἔστ’
703 898 922 958 ἔμψυχον.

301 987 320 1009 ἡ
610 991 629 1012 *
913 989 931 1010 *
1219 990 1238 1011 *

618 1042 976 1099 Πυθαγορισμοὶ
1005 1043 1082 1084 καὶ
1110 1039 1235 1098 λόγοι

260 1128 412 1172 λεπτοὶ
442 1127 794 1184 διεσμιλευμέναι
823 1142 868 1169 τε
898 1124 1130 1192 φροντίδες

262 1210 473 1272 τρέφουσ’
504 1211 704 1266 ἐκείνους,
736 1211 792 1254 τά
822 1213 868 1255 δὲ
897 1211 1015 1256 καθ’
1047 1210 1217 1270 ἡμέραν
1246 1211 1368 1258 τάδε-

175 1304 231 1343 10
263 1296 395 1356 ἄρτος
422 1297 628 1357 καθαρὸς
658 1291 720 1348 εἷς
750 1296 947 1357 ἑκατέρῳ,
979 1297 1192 1355 ποτήριον

255 1378 441 1434 ὕδατος·
472 1383 671 1426 τοσαῦτα
700 1383 857 1428 ταῦτα.
917 1384 974 1427 Β.
1007 1382 1311 1442 δεσμωτηρίου

254 1470 390 1525 λέγεις
420 1467 612 1513 δίαιταν.
669 1470 728 1511 Α.
759 1465 918 1519 πάντες
947 1463 1085 1520 οὕτως
1115 1469 1159 1512 οἱ
1190 1468 1328 1526 σοφοί

267 1551 471 1610 διάγουσι
500 1554 576 1596 καὶ
607 1554 792 1597 τοιαῦτα
822 1554 1142 1598 κακοπαθοῦσί
1171 1570 1272 1599 που.

256 1639 483 1698 τρυφῶσιν
508 1639 645 1697 ἕτεροι
675 1638 783 1696 πρὸς
813 1638 995 1698 ἑτέρους.
1054 1631 1132 1696 ἆρ’
1167 1632 1300 1685 οἶσθ’
1333 1634 1404 1684 ὅτι

170 1729 226 1772 15
257 1722 604 1777 Μελανιππίδης
631 1723 801 1782 ἑταῖρός
831 1725 925 1768 ἐστι
954 1726 1030 1768 καὶ
1066 1722 1204 1768 Φόων

252 1812 328 1854 καὶ
362 1809 628 1869 Φυρόμαχος
656 1811 732 1853 καὶ
767 1808 934 1862 Φανός,
961 1806 1012 1852 οἵ
1035 1808 1102 1853 δι’
1131 1809 1297 1868 ἡμέρας

255 1895 484 1939 δειπνοῦσι
513 1896 713 1952 πέμπτης
742 1893 945 1953 ἀλφίτων
974 1894 1163 1949 κοτύλην
1194 1895 1329 1953 μίαν;

145 1986 387 2030 Athenaeus
426 1985 485 2027 IV
525 1997 567 2038 Ρ.
599 1985 679 2025 161
698 1985 737 2027 b.
780 1985 834 2026 de
872 1985 1236 2040 Pythagoreorum
1276 1981 1517 2037 frugalitate

34 2057 258 2099 disserens:
295 2051 475 2107 ''Aaegcg
519 2049 568 2093 δ’
602 2054 650 2095 ἐν
700 2053 991 2110 Ταραντίνοις
1044 2054 1097 2096 Οἱ
1137 2051 1516 2110 πυθαγορίζοντες

32 2153 88 2161 —-
116 2123 194 2168 οὐκ
223 2124 286 2168 ἔτι
314 2123 398 2182 γάρ
427 2121 523 2167 ἐστ’
543 2122 758 2180 ἔμψυχον.
800 2126 1038 2181 προελθών
1068 2125 1114 2167 δέ
1144 2140 1258 2182 φησι
1289 2124 1518 2174 Πυθαγο-

33 2197 181 2252 ρισμοὶ
209 2197 284 2238 καὶ
312 2194 435 2250 λόγοι
465 2196 556 2239 κτλ.
587 2198 865 2240 Personarum
897 2201 1008 2241 vices
1037 2201 1078 2240 in
1110 2201 1244 2252 primo
1273 2198 1511 2251 fragmento

33 2270 251 2323 descripsit
283 2270 494 2311 lacobsius
524 2269 664 2311 Addit.
694 2282 734 2322 p.
769 2271 884 2326 1022
925 2272 1015 2312 Nec
1045 2271 1166 2311 aliter
1196 2270 1278 2310 Th.
1310 2267 1514 2320 Bergkius

32 2341 74 2382 in
92 2341 279 2394 Epistola
309 2341 362 2381 ad
391 2342 438 2382 G.
470 2341 719 2382 Schillerum
750 2355 789 2394 p.
810 2341 904 2382 135.
937 2367 991 2373 —-
1009 2343 1080 2385 Vs.
1099 2342 1140 2382 4.
1172 2341 1234 2380 De
1266 2337 1519 2392 Epicharide

35 2411 177 2453 confer
191 2411 298 2453 infra
320 2412 499 2453 Phaedr.
516 2413 554 2453 ΙΙ
581 2413 621 2452 2.
652 2412 755 2453 lbid.
773 2411 921 2465 μέντοι
942 2414 1165 2454 lacobsius.
1197 2411 1312 2452 Libri
1327 2409 1409 2462 μὲν
1426 2402 1518 2455 τάς.

37 2481 235 2523 caulinis
269 2483 461 2524 carnibus
491 2487 707 2524 vescentes
736 2483 938 2525 habemus
971 2484 1079 2537 apud
1096 2483 1296 2524 Ananiam
1312 2479 1518 2522 Athenaei

39 2550 118 2592 Vll
154 2565 195 2605 Ρ.
223 2554 374 2595 282b:
416 2549 500 2603 ἡδὺ
540 2548 590 2593 δ’
624 2550 798 2594 ἐσθίειν
837 2551 1046 2608 χιμαίρης
1089 2546 1450 2608 ᾳθινοπωρισμῷ
1480 2550 1521 2599 *)

114 2693 294 2736 *)-Νοιιιιε
318 2697 646 2746 φθινοοπωρισμᾷἱῑ
672 2712 819 2746 quocum
845 2712 1025 2746 compares
1051 2698 1228 2735 λευκοόηω
1253 2713 1303 2743 ος,
1328 2699 1372 2732 de
1397 2705 1465 2740 (1¹¹0
1490 2705 1523 2730 V·

40 2752 186 2788 Leonid.
211 2755 295 2791 Tar.
317 2757 363 2793 45
386 2764 421 2793 et
442 2760 592 2804 Etymol.
616 2761 666 2795 M.
690 2774 726 2806 p.
749 2761 817 2796 561
843 2762 901 2795 47.

1151 2820 1258 2859 31*
