1702 3158
258 161 341 200 664
801 159 1173 202 ANTIPHANES.

921 270 1046 312 XLV.

262 341 421 380 Labore
450 339 611 379 assiduo
642 341 743 380 nihil
776 344 838 381 ent
866 340 975 392 quod
1006 353 1087 380 non
1117 340 1278 380 serviat.

916 423 1063 463 XLVI.

262 492 350 532 Dici
379 491 519 543 nequit
549 491 702 543 prolixa
732 505 835 544 quae
864 497 977 532 recte
1009 493 1092 532 suis

263 559 566 602 accommodata
596 562 718 602 rebus
748 557 985 603 est'oratio.

913 645 1082 686 XLVII.

266 713 443 755 Honesti
473 726 608 753 mores
640 715 839 766 optimum
869 715 1088 768 peculium.

893 798 1082 839 XLVIII.

270 867 505 907 Necessitas
533 878 608 906 nos
639 867 798 918 quando
830 867 1030 908 moriendi
1059 869 1186 915 tenet,

269 936 437 975 nimium
468 936 601 987 gravis
630 936 784 976 iactura
815 941 877 977 est
907 941 1079 977 mortem
1111 936 1299 989 perdere.

926 1020 1075 1060 XLIX.

271 1081 425 1137 Kmice,
456 1086 524 1138 qui
553 1097 632 1124 non
663 1087 804 1126 mortis
834 1087 886 1127 sit
914 1089 1118 1139 peculium

277 1157 410 1206 miles,
442 1155 510 1208 qui
539 1154 646 1193 vitae
677 1167 795 1196 causa
825 1170 870 1197 se
899 1161 1082 1197 auctorat
1111 1155 1231 1196 neci?

984 1242 1032 1280 L.

278 1309 347 1350 Sic
375 1309 474 1348 mihi
504 1308 687 1348 videtur:
718 1322 837 1349 servo
868 1310 937 1362 qui
965 1311 1095 1363 patria
1125 1308 1273 1348 excidit

274 1379 474 1432 benignus
505 1378 692 1419 dominus
721 1380 878 1432 patriae
903 1383 1082 1432 praestat
1113 1380 1256 1418 vicem.

973 1464 1039 1504 LI.

278 1531 521 1583 Quicunque
551 1535 732 1572 amantes
762 1533 884 1573 orbos
915 1534 1062 1573 mentis
1093 1532 1314 1586 praedicat,

278 1600 314 1640 is
343 1601 431 1653 ipse
462 1605 636 1652 quantus
667 1606 858 1653 quantust
887 1604 1041 1655 ingenii
1071 1607 1209 1642 caret:

281 1683 374 1710 nam
403 1671 484 1709 vita
514 1672 564 1710 ab
595 1671 804 1712 hominum
835 1674 869 1712 si
898 1673 1147 1724 voluptatem
1178 1671 1355 1719 auferas,

280 1752 391 1781 mors
419 1740 509 1792 ipsa
536 1740 618 1780 vita
646 1741 740 1781 fiet:
769 1746 983 1794 praeterea
1014 1742 1127 1782 nihil.

966 1826 1055 1865 LII.

284 1894 478 1935 Extrema
506 1893 706 1933 malorum
736 1894 842 1934 linea
871 1895 1171 1935 matrimonium
1202 1899 1279 1936 est.

963 1979 1071 2019 LIII.

285 2047 454 2087 Nullum
485 2058 577 2086 esse
605 2047 765 2098 gravius
792 2047 1127 2099 impedimentum
1158 2051 1294 2100 potest

289 2128 409 2168 quam
439 2116 585 2155 mulier
615 2116 711 2156 dote
741 2118 938 2156 sarcinata
969 2130 1059 2158 cum
1090 2118 1268 2159 advenit.

966 2202 1074 2242 LIV.

292 2269 431 2308 Unum
461 2268 621 2308 mulieri
652 2270 760 2320 quod
791 2270 913 2310 credo
944 2270 1025 2310 hoc
1055 2275 1131 2320 est,
1160 2271 1298 2310 vivere

290 2337 420 2376 semel
448 2339 517 2377 ubi
549 2338 729 2387 desierit,
761 2353 841 2380 non
873 2342 1068 2381 victuram
1094 2341 1257 2380 denuo:

290 2407 397 2446 ultra
425 2419 555 2459 usque
584 2409 633 2447 ad
664 2414 836 2450 mortem
867 2411 967 2451 nihil
998 2415 1060 2451 est
1089 2411 1198 2463 quod
1226 2410 1264 2450 ei
1294 2408 1488 2464 creduim.

971 2494 1057 2536 LV.

293 2559 368 2601 Vir
396 2561 465 2611 qui
494 2561 682 2601 laborans
713 2562 841 2602 oculis
870 2564 997 2603 multa
1027 2563 1109 2603 fert
1138 2564 1256 2612 mala,

295 2641 484 2681 magnum
515 2630 698 2671 laborum
727 2633 911 2685 repperit
941 2633 1148 2682 solatium,

295 2709 463 2740 uxorem
489 2699 647 2741 interea
676 2702 873 2755 temporis
903 2702 1019 2756 quod(
1040 2715 1122 2743 non
1152 2701 1275 2743 videt.
