1702 3158
422 141 729 191 ΕΛΛΗΝΙΣ.
788 142 985 187 ΕῙΙΙΔΛ
994 138 1188 186 ΥΡΙΟΣ.
1461 141 1547 182 413

576 314 1052 359 ΕΛΛΗΝΙΣ.

295 440 392 486 Ἀεὶ
423 442 469 483 δὲ
496 440 570 483 καὶ
599 437 726 492 ζῶντ’
759 440 852 482 ἐστὶ
883 439 958 480 καὶ
988 433 1240 489 τεθνηκότα

293 525 375 570 τάν
404 527 457 586 τῇ
484 523 694 584 θαλάττῃ
725 522 911 580 πολέμι’
941 521 1047 579 ἡμῖν
1074 521 1236 581 θηρία.

292 609 348 654 ὃν
375 608 613 670 ἀνατραπῇ
640 609 724 668 γὰρ
754 611 921 661 πλοῖον,
951 600 1074 662 εἶθ’,
1101 606 1162 658 ὥς
1191 608 1400 662 γίγνεται,

290 697 454 756 ληφθῇ
483 697 592 738 νέων
620 706 697 749 τις,
729 691 1077 738 καταπεπώκασ’
1106 691 1302 742 εὐθέως·

236 787 265 831 5
295 779 424 825 αὐτοί
453 779 500 823 τ’
532 780 644 824 ε’πὰν
674 782 919 838 ληφθῶσιν
948 779 1035 823 ὑπὸ
1066 780 1155 822 τῶν
1183 776 1356 830 ἁλιέων,

288 867 527 917 τεθνεῶτες
556 865 834 923 ἐπιτρίβουσι
865 864 967 916 τοὺς
995 863 1288 920 ὠνουμένους.

290 954 367 1006 τῆς
396 950 552 1003 οὐσίας
581 951 664 1010 γάρ
694 948 807 995 εἰσιν
835 950 962 1006 ἡμῶν
989 948 1129 1002 (ἔνιοι,

293 1038 317 1082 ὁ
346 1035 582 1096 πριάμενός
609 1053 654 1080 τε
685 1037 856 1094 πτωχὸς
884 1034 1024 1086 εὐθὺς
1053 1032 1295 1090 ἀποτρέχει.

183 1154 423 1197 Athenaeus
453 1156 510 1197 VI
542 1168 582 1207 p.
613 1149 696 1194 226
712 1154 751 1194 f:
790 1147 868 1193 οὐκ
911 1146 1150 1198 ἀπιθάνως
1189 1146 1234 1188 δὲ
1262 1145 1337 1187 καὶ
1367 1141 1550 1199 Δίφιλος

71 1223 118 1265 ἐν
145 1220 350 1281 Ἐμπόρῳ
382 1224 480 1278 περὶ
512 1221 591 1264 τοῦ
619 1219 885 1277 παμπόλλου
915 1218 1257 1277 πιπράσκεσθαι
1285 1214 1386 1265 τούς
1416 1209 1550 1270 ἰχθῦς

70 1293 182 1348 λέγει
217 1321 272 1328 —-
302 1291 480 1346 ”Αλεξις
519 1290 570 1334 δ’
598 1293 645 1334 ἐν
670 1289 896 1343 Ἑλληνίδι
932 1289 1033 1333 Ἀεὶ
1075 1290 1121 1331 δὲ
1150 1289 1226 1331 καὶ
1254 1287 1344 1330 κτλ.
1419 1289 1491 1331 νε.
1523 1289 1547 1328 1

69 1372 165 1408 ante
193 1368 451 1407 Dindorfium
482 1359 582 1405 αἰεί.
626 1391 680 1398 —
739 1367 809 1407 Vs.
841 1368 868 1406 2
899 1366 993 1406 libri
1024 1361 1083 1404 ε’ν.
1133 1361 1289 1415 Scripsi
1320 1354 1415 1399 τάν.
1476 1359 1550 1400 Ni-

71 1438 220 1478 mirum
238 1438 389 1478 excidit
406 1434 461 1475 τὰ
476 1442 570 1490 post
586 1432 851 1486 τεθνηκότα.
883 1462 937 1468 ——
954 1437 1026 1478 Vs.
1042 1435 1069 1474 3
1099 1426 1155 1472 ἂν
1173 1426 1407 1487 ἀνατραπῇ
1427 1431 1550 1472 ΑΒΟ.

69 1504 302 1564 ἀνατραπῇ
330 1509 420 1549 sine
451 1501 506 1546 ἂν
537 1503 583 1549 Ρ.
623 1504 699 1547 ἐὰν
728 1505 874 1564 τραπῇ
905 1508 990 1550 VL.
1029 1531 1086 1539 —-
1118 1506 1189 1547 Vs.
1220 1504 1247 1543 4
1288 1501 1397 1543 νέων
1426 1502 1548 1543 BCL.

70 1574 209 1619 ναίων
237 1580 324 1621 ΑΡ.
355 1572 702 1619 καταπεπώκασ’
736 1581 857 1621 ΑΒΟ.
888 1569 1259 1618 καταπεπτώκασ’
1292 1574 1417 1617 PVL.

481 1822 1140 1867 ΕΠΙΔΑΥΡΙΟΣ.

301 1946 414 1999 Τοὺς
443 1946 719 2005 Χαιρεφίλου
750 1946 801 1989 δ’
831 1948 936 1997 υἱεῖς
961 1944 1263 1999 Ἀθηναίους,
1294 1938 1367 1986 ὅτι

296 2029 526 2088 εἰσήγαγεν
552 2030 738 2090 τάριχος,
771 2029 846 2084 οὓς
876 2035 950 2075 καὶ
986 2032 1206 2089 Τιμοκλῆς

293 2114 400 2160 ἰδών
429 2117 501 2159 ε’πὶ
532 2118 619 2160 τῶν
648 2114 798 2161 ἵππων
827 2117 908 2161 δύο
939 2117 1188 2176 σκόμβρους
1219 2115 1305 2175 ἔφη

290 2204 336 2245 ἐν
365 2204 456 2253 τοῖς
486 2201 692 2259 σατύροις
720 2196 849 2248 εἶναι.

180 2320 418 2362 Athenaeus
448 2320 507 2360 111
540 2334 581 2373 p.
613 2320 750 2361 119f:
793 2314 1016 2368 τοσαύτην
1047 2313 1096 2357 δ’
1127 2314 1380 2367 Ἀθηναῖοι
1409 2328 1547 2356 σπου-

73 2386 155 2439 δὴν
193 2387 421 2430 ἐποιοῦντο
463 2390 560 2444 περὶ
592 2389 640 2430 τὸ
671 2387 848 2446 τάριχος
875 2386 935 2438 ὥς
964 2389 1038 2430 καὶ
1069 2387 1252 2435 πολίτας
1289 2382 1550 2441 ἀναγράψαι

74 2457 174 2508 τοὺς
205 2459 482 2516 Χαιρεφίλου
510 2459 590 2501 τοῦ
619 2458 921 2516 ταριχοπώλου
950 2457 1090 2509 ὑιους,
1121 2454 1179 2508 ὥς
1210 2470 1350 2514 φησιν
1369 2454 1549 2508 ”Αλεξις

75 2525 120 2567 ἐν
143 2525 412 2587 Ἐπιδαυρίῳ
443 2524 580 2580 οὕτως
615 2530 728 2580 Τοὺς
760 2530 1038 2587 Χαιρεφίλου
1075 2529 1165 2572 κτλ.
1226 2531 1549 2583 Chnerephilum

76 2598 428 2642 ”lamentantium
460 2604 631 2656 eiusque
661 2605 770 2644 filios
801 2604 1091 2644 Demosthenis
1122 2615 1248 2655 opera
1278 2602 1443 2641 civitate
1474 2601 1548 2639 do-

74 2673 192 2715 Μὶθβ
234 2683 324 2711 esse
363 2673 532 2713 tradidit
575 2675 807 2716 Dinarchus
851 2677 891 2715 in
933 2674 1147 2714 Demosth.
1189 2676 1209 2724 §
1251 2673 1328 2712 43:
1389 2669 1547 2724 προῖκα

74 2735 231 2778 τοῦτον
259 2739 585 2796 (Δημοσθένη)
628 2743 784 2785 οἴεσθε
821 2739 993 2798 γράψαι
1023 2740 1192 2798 Διφίλῳ
1230 2741 1311 2792 τὴν
1350 2739 1396 2780 ἐν
1439 2751 1546 2793 πρυ-
