<?xml version="1.0" encoding="UTF-8"?>
<!DOCTYPE html PUBLIC "-//W3C//DTD XHTML 1.0 Transitional//EN"
    "http://www.w3.org/TR/xhtml1/DTD/xhtml1-transitional.dtd">
<html xmlns="http://www.w3.org/1999/xhtml" xml:lang="en" lang="en">
 <head>
  <title>
</title>
<meta http-equiv="Content-Type" content="text/html;charset=utf-8" />
  <meta name='ocr-system' content='tesseract 3.04.00' />
  <meta name='ocr-capabilities' content='ocr_page ocr_carea ocr_par ocr_line ocrx_word'/>
</head>
<body>
  <div class='ocr_page' id='page_1' title='image "./fragmentacomicor03meinuoft_0558.png"; bbox 0 0 1702 3158; ppageno 0'>
   <div class='ocr_carea' id='block_1_1' title="bbox 236 124 1088 200">
    <p class='ocr_par' dir='ltr' id='par_1_1' title="bbox 236 124 1088 200">
     <span class='ocr_line' id='line_1_1' title="bbox 236 124 1088 200; baseline -0.006 0"><span class='ocrx_word' id='word_1_1' title='bbox 236 157 322 200; x_wconf 76' lang='lat'><strong>550</strong></span> <span class='ocrx_word' id='word_1_2' title='bbox 566 124 568 126; x_wconf 47' lang='grc'>’</span> <span class='ocrx_word' id='word_1_3' title='bbox 841 154 1088 196; x_wconf 64' lang='lat' dir='ltr'><strong>mom-sn</strong></span> 
     </span>
    </p>
   </div>
   <div class='ocr_carea' id='block_1_2' title="bbox 234 263 1702 2736">
    <p class='ocr_par' dir='ltr' id='par_1_2' title="bbox 234 263 1702 2736">
     <span class='ocr_line' id='line_1_2' title="bbox 234 263 1685 323; baseline -0.001 -13"><span class='ocrx_word' id='word_1_4' title='bbox 234 263 447 323; x_wconf 79' lang='grc' dir='ltr'><em>ὀψοποιός</em></span> <span class='ocrx_word' id='word_1_5' title='bbox 475 265 568 307; x_wconf 80' lang='grc' dir='ltr'><em>ἐστι</em></span> <span class='ocrx_word' id='word_1_6' title='bbox 599 263 655 305; x_wconf 81' lang='grc' dir='ltr'><strong>δέ.</strong></span> <span class='ocrx_word' id='word_1_7' title='bbox 715 264 867 305; x_wconf 86' lang='lat' dir='ltr'><strong>Lenius</strong></span> <span class='ocrx_word' id='word_1_8' title='bbox 909 265 1068 306; x_wconf 83' lang='lat' dir='ltr'><strong>videtur</strong></span> <span class='ocrx_word' id='word_1_9' title='bbox 1110 265 1217 317; x_wconf 87' lang='lat' dir='ltr'><strong>quod</strong></span> <span class='ocrx_word' id='word_1_10' title='bbox 1256 266 1347 318; x_wconf 83' lang='lat' dir='ltr'><strong>ipse</strong></span> <span class='ocrx_word' id='word_1_11' title='bbox 1376 267 1565 319; x_wconf 79' lang='lat' dir='ltr'><strong>reposui3</strong></span> <span class='ocrx_word' id='word_1_12' title='bbox 1603 280 1685 310; x_wconf 78' lang='grc' dir='ltr'><strong>που</strong></span> 
     </span>
     <span class='ocr_line' id='line_1_3' title="bbox 238 330 1684 388; baseline -0.003 -8"><span class='ocrx_word' id='word_1_13' title='bbox 238 343 331 380; x_wconf 74' lang='lat' dir='ltr'>ante</span> <span class='ocrx_word' id='word_1_14' title='bbox 359 334 408 378; x_wconf 82' lang='grc' dir='ltr'><strong>οὐ</strong></span> <span class='ocrx_word' id='word_1_15' title='bbox 438 337 559 377; x_wconf 79' lang='lat' dir='ltr'><strong>facile</strong></span> <span class='ocrx_word' id='word_1_16' title='bbox 590 333 778 374; x_wconf 76' lang='lat' dir='ltr'>excidere</span> <span class='ocrx_word' id='word_1_17' title='bbox 808 335 951 386; x_wconf 85' lang='lat' dir='ltr'><strong>potuit.</strong></span> <span class='ocrx_word' id='word_1_18' title='bbox 993 335 1202 374; x_wconf 86' lang='lat' dir='ltr'><strong>Dobraeus</strong></span> <span class='ocrx_word' id='word_1_19' title='bbox 1231 330 1443 388; x_wconf 80' lang='grc' dir='ltr'><em>ὀψοποιὸς</em></span> <span class='ocrx_word' id='word_1_20' title='bbox 1473 333 1498 373; x_wconf 89' lang='grc' dir='ltr'><em>δ</em></span> <span class='ocrx_word' id='word_1_21' title='bbox 1514 331 1522 344; x_wconf 88' lang='lat'><em>&#39;</em></span> <span class='ocrx_word' id='word_1_22' title='bbox 1551 334 1684 376; x_wconf 77' lang='grc' dir='ltr'><em>ἐστίν·</em></span> 
     </span>
     <span class='ocr_line' id='line_1_4' title="bbox 239 399 1685 461; baseline 0.001 -14"><span class='ocrx_word' id='word_1_23' title='bbox 239 404 290 447; x_wconf 89' lang='grc' dir='ltr'><strong>οὐ</strong></span> <span class='ocrx_word' id='word_1_24' title='bbox 318 404 506 461; x_wconf 76' lang='grc' dir='ltr'><em>Ιταύτόν</em></span> <span class='ocrx_word' id='word_1_25' title='bbox 535 399 615 455; x_wconf 81' lang='grc' dir='ltr'><strong>γάρ</strong></span> <span class='ocrx_word' id='word_1_26' title='bbox 645 400 735 440; x_wconf 83' lang='grc' dir='ltr'><em>ἐστι</em></span> <span class='ocrx_word' id='word_1_27' title='bbox 764 400 905 442; x_wconf 85' lang='grc' dir='ltr'><em>τοῦτο.</em></span> <span class='ocrx_word' id='word_1_28' title='bbox 936 404 1073 443; x_wconf 77' lang='grc' dir='ltr'><em>-νε,</em></span> <span class='ocrx_word' id='word_1_29' title='bbox 1095 404 1146 442; x_wconf 87' lang='grc'><strong>10</strong></span> <span class='ocrx_word' id='word_1_30' title='bbox 1166 399 1299 442; x_wconf 84' lang='grc' dir='ltr'><strong>ταὺτὸ</strong></span> <span class='ocrx_word' id='word_1_31' title='bbox 1315 405 1399 446; x_wconf 87' lang='lat' dir='ltr'><strong>VL.</strong></span> <span class='ocrx_word' id='word_1_32' title='bbox 1430 400 1591 444; x_wconf 82' lang='grc' dir='ltr'><em>ταύτὸν</em></span> <span class='ocrx_word' id='word_1_33' title='bbox 1607 407 1685 449; x_wconf 80' lang='grc' dir='ltr'><strong>ΑΡ.</strong></span> 
     </span>
     <span class='ocr_line' id='line_1_5' title="bbox 239 467 1686 527; baseline 0.003 -17"><span class='ocrx_word' id='word_1_34' title='bbox 239 504 294 510; x_wconf 78' lang='grc'>-</span> <span class='ocrx_word' id='word_1_35' title='bbox 324 478 394 518; x_wconf 87' lang='grc' dir='ltr'><em>νε.</em></span> <span class='ocrx_word' id='word_1_36' title='bbox 427 477 474 514; x_wconf 93' lang='lat' dir='ltr'><strong>ll</strong></span> <span class='ocrx_word' id='word_1_37' title='bbox 507 473 643 513; x_wconf 87' lang='lat' dir='ltr'><strong>addidi</strong></span> <span class='ocrx_word' id='word_1_38' title='bbox 672 467 794 510; x_wconf 82' lang='grc' dir='ltr'><em>πολύ.</em></span> <span class='ocrx_word' id='word_1_39' title='bbox 827 473 1091 511; x_wconf 78' lang='lat' dir='ltr'><strong>casaubonus</strong></span> <span class='ocrx_word' id='word_1_40' title='bbox 1120 471 1193 511; x_wconf 81' lang='grc' dir='ltr'><strong>καὶ</strong></span> <span class='ocrx_word' id='word_1_41' title='bbox 1221 468 1315 526; x_wconf 81' lang='grc' dir='ltr'><em>γάρ.</em></span> <span class='ocrx_word' id='word_1_42' title='bbox 1349 500 1402 505; x_wconf 82' lang='grc'><strong>-</strong></span> <span class='ocrx_word' id='word_1_43' title='bbox 1436 475 1502 514; x_wconf 86' lang='grc' dir='ltr'><strong>νε.</strong></span> <span class='ocrx_word' id='word_1_44' title='bbox 1536 476 1587 514; x_wconf 79' lang='lat'><strong>14</strong></span> <span class='ocrx_word' id='word_1_45' title='bbox 1617 488 1686 527; x_wconf 84' lang='lat' dir='ltr'><strong>pro</strong></span> 
     </span>
     <span class='ocr_line' id='line_1_6' title="bbox 244 536 1687 595; baseline 0 -12"><span class='ocrx_word' id='word_1_46' title='bbox 244 539 439 595; x_wconf 76' lang='grc' dir='ltr'><em>θάτερον</em></span> <span class='ocrx_word' id='word_1_47' title='bbox 468 555 519 582; x_wconf 90' lang='lat' dir='ltr'>ne</span> <span class='ocrx_word' id='word_1_48' title='bbox 551 536 738 593; x_wconf 71' lang='grc' dir='ltr'><em>θάτερος</em></span> <span class='ocrx_word' id='word_1_49' title='bbox 768 543 974 593; x_wconf 79' lang='lat' dir='ltr'><strong>requiraS‚</strong></span> <span class='ocrx_word' id='word_1_50' title='bbox 1015 542 1107 580; x_wconf 81' lang='lat' dir='ltr'><strong>vide</strong></span> <span class='ocrx_word' id='word_1_51' title='bbox 1137 542 1348 583; x_wconf 84' lang='lat' dir='ltr'>Menandr.</span> <span class='ocrx_word' id='word_1_52' title='bbox 1380 557 1417 595; x_wconf 88' lang='lat' dir='ltr'><strong>p.</strong></span> <span class='ocrx_word' id='word_1_53' title='bbox 1447 544 1525 583; x_wconf 76' lang='lat'><strong>120</strong></span> <span class='ocrx_word' id='word_1_54' title='bbox 1556 540 1687 583; x_wconf 68' lang='grc' dir='ltr'><em>τοῦθ’</em></span> 
     </span>
     <span class='ocr_line' id='line_1_7' title="bbox 243 605 1690 664; baseline 0.001 -14"><span class='ocrx_word' id='word_1_55' title='bbox 243 607 408 664; x_wconf 76' lang='grc' dir='ltr'><em>ἑταῖρός</em></span> <span class='ocrx_word' id='word_1_56' title='bbox 438 609 555 650; x_wconf 81' lang='grc' dir='ltr'><em>ἐστιν</em></span> <span class='ocrx_word' id='word_1_57' title='bbox 585 605 731 656; x_wconf 81' lang='grc' dir='ltr'><em>ὄντως.</em></span> <span class='ocrx_word' id='word_1_58' title='bbox 766 611 946 662; x_wconf 84' lang='lat' dir='ltr'><strong>Eriphus</strong></span> <span class='ocrx_word' id='word_1_59' title='bbox 979 624 1017 661; x_wconf 84' lang='lat' dir='ltr'><strong>p.</strong></span> <span class='ocrx_word' id='word_1_60' title='bbox 1048 610 1129 649; x_wconf 77' lang='lat'><strong>559</strong></span> <span class='ocrx_word' id='word_1_61' title='bbox 1162 607 1258 648; x_wconf 81' lang='grc' dir='ltr'><strong>τάδ’</strong></span> <span class='ocrx_word' id='word_1_62' title='bbox 1292 607 1342 650; x_wconf 84' lang='grc' dir='ltr'><strong>οὐ</strong></span> <span class='ocrx_word' id='word_1_63' title='bbox 1372 606 1610 664; x_wconf 78' lang='grc' dir='ltr'><em>Κόρινθος.</em></span> <span class='ocrx_word' id='word_1_64' title='bbox 1640 615 1690 655; x_wconf 64' lang='lat' dir='ltr'><strong>Et</strong></span> 
     </span>
     <span class='ocr_line' id='line_1_8' title="bbox 243 667 1694 732; baseline 0.002 -12"><span class='ocrx_word' id='word_1_65' title='bbox 243 682 303 724; x_wconf 83' lang='lat' dir='ltr'><strong>sic</strong></span> <span class='ocrx_word' id='word_1_66' title='bbox 332 681 493 732; x_wconf 84' lang='lat' dir='ltr'><strong>passim.</strong></span> <span class='ocrx_word' id='word_1_67' title='bbox 539 704 592 710; x_wconf 85' lang='lat'><strong>——</strong></span> <span class='ocrx_word' id='word_1_68' title='bbox 637 680 706 721; x_wconf 89' lang='lat' dir='ltr'><strong>Vs.</strong></span> <span class='ocrx_word' id='word_1_69' title='bbox 740 680 793 718; x_wconf 78' lang='lat'><strong>17</strong></span> <span class='ocrx_word' id='word_1_70' title='bbox 824 667 902 716; x_wconf 67' lang='grc' dir='ltr'><strong>οὖν</strong></span> <span class='ocrx_word' id='word_1_71' title='bbox 924 679 977 717; x_wconf 84' lang='lat' dir='ltr'><strong>L.</strong></span> <span class='ocrx_word' id='word_1_72' title='bbox 1019 674 1068 715; x_wconf 84' lang='grc' dir='ltr'><strong>οὐ</strong></span> <span class='ocrx_word' id='word_1_73' title='bbox 1098 680 1217 719; x_wconf 85' lang='grc' dir='ltr'><em>ΒΡν.</em></span> <span class='ocrx_word' id='word_1_74' title='bbox 1261 704 1314 711; x_wconf 81' lang='lat'><strong>——</strong></span> <span class='ocrx_word' id='word_1_75' title='bbox 1359 681 1430 721; x_wconf 83' lang='lat' dir='ltr'><strong>Vs.</strong></span> <span class='ocrx_word' id='word_1_76' title='bbox 1459 683 1509 721; x_wconf 74' lang='lat'><strong>21</strong></span> <span class='ocrx_word' id='word_1_77' title='bbox 1543 678 1596 721; x_wconf 81' lang='grc' dir='ltr'><strong>οὐ</strong></span> <span class='ocrx_word' id='word_1_78' title='bbox 1621 681 1694 723; x_wconf 77' lang='grc' dir='ltr'><strong>τοῦ</strong></span> 
     </span>
     <span class='ocr_line' id='line_1_9' title="bbox 244 746 1695 802; baseline 0 -14"><span class='ocrx_word' id='word_1_79' title='bbox 244 746 446 802; x_wconf 78' lang='grc' dir='ltr'><strong><em>τυχόντος</em></strong></span> <span class='ocrx_word' id='word_1_80' title='bbox 475 748 675 801; x_wconf 79' lang='lat' dir='ltr'><strong>probabili</strong></span> <span class='ocrx_word' id='word_1_81' title='bbox 706 748 937 787; x_wconf 80' lang='lat' dir='ltr'><strong>coniectura</strong></span> <span class='ocrx_word' id='word_1_82' title='bbox 977 748 1124 786; x_wconf 82' lang='lat' dir='ltr'><strong>adiecit</strong></span> <span class='ocrx_word' id='word_1_83' title='bbox 1155 748 1376 789; x_wconf 87' lang='lat' dir='ltr'><strong>Dobraeus.</strong></span> <span class='ocrx_word' id='word_1_84' title='bbox 1434 775 1487 783; x_wconf 86' lang='lat'><em>-</em></span> <span class='ocrx_word' id='word_1_85' title='bbox 1545 752 1615 794; x_wconf 81' lang='lat' dir='ltr'><strong>Vs.</strong></span> <span class='ocrx_word' id='word_1_86' title='bbox 1644 753 1695 794; x_wconf 61' lang='grc' dir='ltr'><strong>ξε</strong></span> 
     </span>
     <span class='ocr_line' id='line_1_10' title="bbox 242 811 1697 871; baseline -0.001 -15"><span class='ocrx_word' id='word_1_87' title='bbox 242 814 370 871; x_wconf 80' lang='grc' dir='ltr'><em>χάριν</em></span> <span class='ocrx_word' id='word_1_88' title='bbox 401 819 620 866; x_wconf 86' lang='lat' dir='ltr'><strong>lacobsius,</strong></span> <span class='ocrx_word' id='word_1_89' title='bbox 651 818 718 868; x_wconf 87' lang='lat' dir='ltr'><strong>qui</strong></span> <span class='ocrx_word' id='word_1_90' title='bbox 750 818 845 856; x_wconf 90' lang='lat' dir='ltr'><strong>olim</strong></span> <span class='ocrx_word' id='word_1_91' title='bbox 876 811 1031 867; x_wconf 80' lang='grc' dir='ltr'><em>ἀκμήν.</em></span> <span class='ocrx_word' id='word_1_92' title='bbox 1091 817 1202 856; x_wconf 86' lang='lat' dir='ltr'><strong>Libri</strong></span> <span class='ocrx_word' id='word_1_93' title='bbox 1231 812 1378 870; x_wconf 80' lang='grc' dir='ltr'><em>ἀρχήν.</em></span> <span class='ocrx_word' id='word_1_94' title='bbox 1438 844 1491 851; x_wconf 88' lang='grc'><strong>-</strong></span> <span class='ocrx_word' id='word_1_95' title='bbox 1545 821 1615 862; x_wconf 81' lang='lat' dir='ltr'><strong>Vs,</strong></span> <span class='ocrx_word' id='word_1_96' title='bbox 1645 822 1697 863; x_wconf 68' lang='lat'><strong>22</strong></span> 
     </span>
     <span class='ocr_line' id='line_1_11' title="bbox 244 881 1697 938; baseline 0.001 -11"><span class='ocrx_word' id='word_1_97' title='bbox 244 888 339 927; x_wconf 84' lang='lat' dir='ltr'><strong>libri</strong></span> <span class='ocrx_word' id='word_1_98' title='bbox 375 881 459 938; x_wconf 80' lang='grc' dir='ltr'><em>ἔχει</em></span> <span class='ocrx_word' id='word_1_99' title='bbox 494 882 570 925; x_wconf 72' lang='grc' dir='ltr'><strong>θ’.</strong></span> <span class='ocrx_word' id='word_1_100' title='bbox 634 887 790 937; x_wconf 82' lang='lat' dir='ltr'>Recepi</span> <span class='ocrx_word' id='word_1_101' title='bbox 829 885 1153 925; x_wconf 84' lang='lat' dir='ltr'>emendationem</span> <span class='ocrx_word' id='word_1_102' title='bbox 1194 887 1387 936; x_wconf 83' lang='lat' dir='ltr'><strong>Iacobsii3</strong></span> <span class='ocrx_word' id='word_1_103' title='bbox 1427 887 1600 930; x_wconf 80' lang='lat' dir='ltr'><strong>fortasse</strong></span> <span class='ocrx_word' id='word_1_104' title='bbox 1638 894 1697 931; x_wconf 51' lang='lat' dir='ltr'><strong>ta}-</strong></span> 
     </span>
     <span class='ocr_line' id='line_1_12' title="bbox 246 952 1698 1008; baseline 0.002 -12"><span class='ocrx_word' id='word_1_105' title='bbox 246 969 341 997; x_wconf 89' lang='lat' dir='ltr'>men</span> <span class='ocrx_word' id='word_1_106' title='bbox 373 959 549 1008; x_wconf 79' lang='lat' dir='ltr'><strong>praestat</strong></span> <span class='ocrx_word' id='word_1_107' title='bbox 580 952 695 1004; x_wconf 74' lang='grc' dir='ltr'><em>ἕξεις.</em></span> <span class='ocrx_word' id='word_1_108' title='bbox 752 979 805 987; x_wconf 90' lang='lat'><strong>——</strong></span> <span class='ocrx_word' id='word_1_109' title='bbox 861 955 933 996; x_wconf 90' lang='lat' dir='ltr'><strong>Vs.</strong></span> <span class='ocrx_word' id='word_1_110' title='bbox 964 955 1018 993; x_wconf 76' lang='lat'><strong>28</strong></span> <span class='ocrx_word' id='word_1_111' title='bbox 1053 955 1187 996; x_wconf 88' lang='lat' dir='ltr'><strong>adhuc</strong></span> <span class='ocrx_word' id='word_1_112' title='bbox 1222 955 1372 996; x_wconf 83' lang='lat' dir='ltr'><strong>frustra</strong></span> <span class='ocrx_word' id='word_1_113' title='bbox 1409 962 1586 998; x_wconf 66' lang='lat' dir='ltr'><strong>tentatus</strong></span> <span class='ocrx_word' id='word_1_114' title='bbox 1624 964 1698 999; x_wconf 82' lang='lat' dir='ltr'>est.</span> 
     </span>
     <span class='ocr_line' id='line_1_13' title="bbox 247 1016 1698 1077; baseline -0.003 -13"><span class='ocrx_word' id='word_1_115' title='bbox 247 1024 491 1077; x_wconf 82' lang='lat' dir='ltr'><strong>Suspicabar</strong></span> <span class='ocrx_word' id='word_1_116' title='bbox 530 1018 561 1061; x_wconf 71' lang='grc' dir='ltr'><strong>ἑὲ</strong></span> <span class='ocrx_word' id='word_1_117' title='bbox 588 1020 675 1062; x_wconf 82' lang='grc' dir='ltr'><strong>τῶν</strong></span> <span class='ocrx_word' id='word_1_118' title='bbox 705 1016 889 1061; x_wconf 75' lang='grc' dir='ltr'><em>ἰδιωτῶν</em></span> <span class='ocrx_word' id='word_1_119' title='bbox 928 1017 1036 1061; x_wconf 75' lang='grc' dir='ltr'><strong>ἐσθ’</strong></span> <span class='ocrx_word' id='word_1_120' title='bbox 1068 1021 1188 1061; x_wconf 75' lang='grc' dir='ltr'><em>ἕνεκα</em></span> <span class='ocrx_word' id='word_1_121' title='bbox 1227 1024 1512 1077; x_wconf 58' lang='grc' dir='ltr'><em>γέγραμμένα.</em></span> <span class='ocrx_word' id='word_1_122' title='bbox 1571 1027 1698 1068; x_wconf 68' lang='lat' dir='ltr'><strong>Nimi„</strong></span> 
     </span>
     <span class='ocr_line' id='line_1_14' title="bbox 246 1086 1698 1146; baseline 0.001 -12"><span class='ocrx_word' id='word_1_123' title='bbox 246 1106 337 1134; x_wconf 85' lang='lat' dir='ltr'><strong>rum</strong></span> <span class='ocrx_word' id='word_1_124' title='bbox 377 1086 559 1131; x_wconf 81' lang='grc' dir='ltr'><em>ἰδιωτῶν</em></span> <span class='ocrx_word' id='word_1_125' title='bbox 597 1096 642 1131; x_wconf 82' lang='lat' dir='ltr'><strong>ut</strong></span> <span class='ocrx_word' id='word_1_126' title='bbox 682 1093 728 1130; x_wconf 77' lang='lat' dir='ltr'><strong>fit</strong></span> <span class='ocrx_word' id='word_1_127' title='bbox 763 1093 803 1131; x_wconf 90' lang='lat' dir='ltr'><strong>in</strong></span> <span class='ocrx_word' id='word_1_128' title='bbox 834 1087 1039 1139; x_wconf 82' lang='grc' dir='ltr'><em>ΙΔΙΩΝ,</em></span> <span class='ocrx_word' id='word_1_129' title='bbox 1086 1092 1210 1143; x_wconf 83' lang='lat' dir='ltr'><strong>idque</strong></span> <span class='ocrx_word' id='word_1_130' title='bbox 1246 1093 1438 1146; x_wconf 81' lang='lat' dir='ltr'>deinceps</span> <span class='ocrx_word' id='word_1_131' title='bbox 1476 1107 1606 1146; x_wconf 83' lang='lat' dir='ltr'><strong>prono</strong></span> <span class='ocrx_word' id='word_1_132' title='bbox 1636 1108 1698 1135; x_wconf 81' lang='lat' dir='ltr'>er·-</span> 
     </span>
     <span class='ocr_line' id='line_1_15' title="bbox 247 1156 1700 1216; baseline 0.002 -14"><span class='ocrx_word' id='word_1_133' title='bbox 247 1175 346 1203; x_wconf 82' lang='lat' dir='ltr'><strong>rore</strong></span> <span class='ocrx_word' id='word_1_134' title='bbox 374 1163 415 1203; x_wconf 87' lang='lat' dir='ltr'><strong>in</strong></span> <span class='ocrx_word' id='word_1_135' title='bbox 445 1156 680 1200; x_wconf 81' lang='grc' dir='ltr'><em>ΒΙΑΙΩΝ</em></span> <span class='ocrx_word' id='word_1_136' title='bbox 705 1161 816 1200; x_wconf 80' lang='lat' dir='ltr'><strong>abiit.</strong></span> <span class='ocrx_word' id='word_1_137' title='bbox 851 1183 899 1190; x_wconf 85' lang='lat'>—</span> <span class='ocrx_word' id='word_1_138' title='bbox 934 1162 1002 1203; x_wconf 86' lang='lat' dir='ltr'><strong>Vs.</strong></span> <span class='ocrx_word' id='word_1_139' title='bbox 1020 1163 1073 1201; x_wconf 77' lang='lat'><strong>29</strong></span> <span class='ocrx_word' id='word_1_140' title='bbox 1105 1174 1153 1201; x_wconf 87' lang='lat' dir='ltr'>ex</span> <span class='ocrx_word' id='word_1_141' title='bbox 1182 1163 1218 1202; x_wconf 89' lang='lat' dir='ltr'>A</span> <span class='ocrx_word' id='word_1_142' title='bbox 1247 1164 1431 1203; x_wconf 81' lang='lat' dir='ltr'><strong>accessit.</strong></span> <span class='ocrx_word' id='word_1_143' title='bbox 1461 1164 1505 1204; x_wconf 90' lang='lat' dir='ltr'><strong>Si</strong></span> <span class='ocrx_word' id='word_1_144' title='bbox 1521 1165 1700 1216; x_wconf 68' lang='lat' dir='ltr'><strong>Dionysii</strong></span> 
     </span>
     <span class='ocr_line' id='line_1_16' title="bbox 249 1219 1698 1284; baseline 0.001 -11"><span class='ocrx_word' id='word_1_145' title='bbox 249 1219 326 1281; x_wconf 73' lang='lat' dir='ltr'>est,</span> <span class='ocrx_word' id='word_1_146' title='bbox 355 1231 455 1271; x_wconf 79' lang='lat' dir='ltr'><strong>forti</strong></span> <span class='ocrx_word' id='word_1_147' title='bbox 484 1231 641 1284; x_wconf 81' lang='lat' dir='ltr'>indiget</span> <span class='ocrx_word' id='word_1_148' title='bbox 672 1231 870 1270; x_wconf 86' lang='lat' dir='ltr'><strong>remedio.</strong></span> <span class='ocrx_word' id='word_1_149' title='bbox 930 1256 983 1262; x_wconf 88' lang='lat'>—</span> <span class='ocrx_word' id='word_1_150' title='bbox 1044 1231 1111 1271; x_wconf 89' lang='lat' dir='ltr'><strong>Vs.</strong></span> <span class='ocrx_word' id='word_1_151' title='bbox 1142 1231 1209 1271; x_wconf 78' lang='lat'><strong>30.</strong></span> <span class='ocrx_word' id='word_1_152' title='bbox 1241 1232 1392 1272; x_wconf 81' lang='lat' dir='ltr'>Sensus</span> <span class='ocrx_word' id='word_1_153' title='bbox 1423 1238 1510 1282; x_wconf 79' lang='lat' dir='ltr'>est,</span> <span class='ocrx_word' id='word_1_154' title='bbox 1538 1235 1698 1275; x_wconf 86' lang='lat' dir='ltr'><strong>omnino</strong></span> 
     </span>
     <span class='ocr_line' id='line_1_17' title="bbox 248 1301 1697 1353; baseline 0.001 -13"><span class='ocrx_word' id='word_1_155' title='bbox 248 1301 301 1340; x_wconf 85' lang='lat' dir='ltr'>de</span> <span class='ocrx_word' id='word_1_156' title='bbox 347 1304 485 1342; x_wconf 81' lang='lat' dir='ltr'>tantae</span> <span class='ocrx_word' id='word_1_157' title='bbox 498 1305 584 1340; x_wconf 84' lang='lat' dir='ltr'>arte</span> <span class='ocrx_word' id='word_1_158' title='bbox 632 1301 904 1352; x_wconf 71' lang='lat' dir='ltr'>praestantiae</span> <span class='ocrx_word' id='word_1_159' title='bbox 973 1313 1025 1339; x_wconf 89' lang='lat' dir='ltr'>ne</span> <span class='ocrx_word' id='word_1_160' title='bbox 1072 1312 1194 1352; x_wconf 86' lang='lat' dir='ltr'><strong>posse</strong></span> <span class='ocrx_word' id='word_1_161' title='bbox 1238 1301 1400 1351; x_wconf 88' lang='lat' dir='ltr'><strong>quidem</strong></span> <span class='ocrx_word' id='word_1_162' title='bbox 1453 1303 1590 1353; x_wconf 81' lang='lat' dir='ltr'><strong>scribi.</strong></span> <span class='ocrx_word' id='word_1_163' title='bbox 1646 1310 1697 1341; x_wconf 52' lang='grc' dir='ltr'><strong>-ι</strong></span> 
     </span>
     <span class='ocr_line' id='line_1_18' title="bbox 248 1363 1700 1426; baseline 0.001 -16"><span class='ocrx_word' id='word_1_164' title='bbox 248 1370 319 1410; x_wconf 86' lang='grc' dir='ltr'><em>νε.</em></span> <span class='ocrx_word' id='word_1_165' title='bbox 351 1370 405 1408; x_wconf 79' lang='lat'><strong>32</strong></span> <span class='ocrx_word' id='word_1_166' title='bbox 443 1370 855 1421; x_wconf 81' lang='lat' dir='ltr'><strong>Schweighaeaserus</strong></span> <span class='ocrx_word' id='word_1_167' title='bbox 894 1363 972 1420; x_wconf 80' lang='grc' dir='ltr'><strong>οὐχ</strong></span> <span class='ocrx_word' id='word_1_168' title='bbox 1001 1364 1025 1406; x_wconf 88' lang='grc' dir='ltr'>ὁ</span> <span class='ocrx_word' id='word_1_169' title='bbox 1054 1363 1220 1421; x_wconf 82' lang='grc' dir='ltr'><em>κύριος,</em></span> <span class='ocrx_word' id='word_1_170' title='bbox 1262 1371 1371 1421; x_wconf 90' lang='lat' dir='ltr'><strong>quod</strong></span> <span class='ocrx_word' id='word_1_171' title='bbox 1412 1372 1521 1410; x_wconf 90' lang='lat' dir='ltr'>male</span> <span class='ocrx_word' id='word_1_172' title='bbox 1550 1372 1602 1411; x_wconf 88' lang='lat' dir='ltr'>de</span> <span class='ocrx_word' id='word_1_173' title='bbox 1630 1371 1700 1426; x_wconf 65' lang='lat' dir='ltr'><strong>dof-</strong></span> 
     </span>
     <span class='ocr_line' id='line_1_19' title="bbox 248 1428 1702 1502; baseline 0.002 -25"><span class='ocrx_word' id='word_1_174' title='bbox 248 1439 359 1479; x_wconf 90' lang='lat' dir='ltr'><strong>mino</strong></span> <span class='ocrx_word' id='word_1_175' title='bbox 389 1439 695 1490; x_wconf 71' lang='lat' dir='ltr'><strong>iuterpretatur.</strong></span> <span class='ocrx_word' id='word_1_176' title='bbox 752 1439 946 1478; x_wconf 76' lang='lat' dir='ltr'>Fortasse</span> <span class='ocrx_word' id='word_1_177' title='bbox 982 1431 1083 1476; x_wconf 80' lang='grc' dir='ltr'><em>οὐδέ</em></span> <span class='ocrx_word' id='word_1_178' title='bbox 1120 1433 1287 1490; x_wconf 86' lang='grc' dir='ltr'><em>κύριον,</em></span> <span class='ocrx_word' id='word_1_179' title='bbox 1327 1439 1482 1480; x_wconf 67' lang='lat' dir='ltr'><strong>nullius</strong></span> <span class='ocrx_word' id='word_1_180' title='bbox 1519 1428 1702 1502; x_wconf 50' lang='lat' dir='ltr'><strong>auctor-§2-</strong></span> 
     </span>
     <span class='ocr_line' id='line_1_20' title="bbox 250 1502 1702 1567; baseline 0.001 -20"><span class='ocrx_word' id='word_1_181' title='bbox 250 1512 344 1547; x_wconf 73' lang='grc' dir='ltr'><strong>τοτε</strong></span> <span class='ocrx_word' id='word_1_182' title='bbox 371 1520 416 1547; x_wconf 83' lang='lat' dir='ltr'><strong>se</strong></span> <span class='ocrx_word' id='word_1_183' title='bbox 444 1510 538 1561; x_wconf 80' lang='lat' dir='ltr'><strong>regi</strong></span> <span class='ocrx_word' id='word_1_184' title='bbox 562 1509 744 1560; x_wconf 78' lang='lat' dir='ltr'><strong>patitur.</strong></span> <span class='ocrx_word' id='word_1_185' title='bbox 801 1532 857 1540; x_wconf 89' lang='lat'>—</span> <span class='ocrx_word' id='word_1_186' title='bbox 916 1507 985 1548; x_wconf 87' lang='lat' dir='ltr'><strong>Vs.</strong></span> <span class='ocrx_word' id='word_1_187' title='bbox 1015 1508 1069 1546; x_wconf 80' lang='lat'><strong>33</strong></span> <span class='ocrx_word' id='word_1_188' title='bbox 1099 1502 1311 1556; x_wconf 79' lang='grc' dir='ltr'><em>δεσπότης</em></span> <span class='ocrx_word' id='word_1_189' title='bbox 1341 1509 1459 1550; x_wconf 87' lang='lat' dir='ltr'>ABG.</span> <span class='ocrx_word' id='word_1_190' title='bbox 1505 1505 1702 1567; x_wconf 65' lang='grc' dir='ltr'><em>δεσπότιζ-</em></span> 
     </span>
     <span class='ocr_line' id='line_1_21' title="bbox 251 1572 1702 1631; baseline 0.003 -16"><span class='ocrx_word' id='word_1_191' title='bbox 251 1575 374 1617; x_wconf 85' lang='lat' dir='ltr'><strong>PVL.</strong></span> <span class='ocrx_word' id='word_1_192' title='bbox 432 1601 486 1608; x_wconf 90' lang='lat'><strong>--</strong></span> <span class='ocrx_word' id='word_1_193' title='bbox 533 1577 602 1618; x_wconf 88' lang='lat' dir='ltr'><strong>Vs.</strong></span> <span class='ocrx_word' id='word_1_194' title='bbox 634 1577 688 1616; x_wconf 80' lang='lat'><strong>34</strong></span> <span class='ocrx_word' id='word_1_195' title='bbox 718 1577 811 1616; x_wconf 88' lang='lat' dir='ltr'><strong>libri</strong></span> <span class='ocrx_word' id='word_1_196' title='bbox 840 1572 917 1624; x_wconf 81' lang='grc' dir='ltr'><strong>τῆς</strong></span> <span class='ocrx_word' id='word_1_197' title='bbox 944 1574 1104 1628; x_wconf 80' lang='grc' dir='ltr'><em>τέχνης.</em></span> <span class='ocrx_word' id='word_1_198' title='bbox 1161 1579 1215 1618; x_wconf 85' lang='lat' dir='ltr'><strong>At</strong></span> <span class='ocrx_word' id='word_1_199' title='bbox 1243 1576 1389 1630; x_wconf 79' lang='grc' dir='ltr'><em>τέχνης</em></span> <span class='ocrx_word' id='word_1_200' title='bbox 1418 1574 1568 1630; x_wconf 87' lang='grc' dir='ltr'><em>καιρὸν</em></span> <span class='ocrx_word' id='word_1_201' title='bbox 1596 1574 1702 1631; x_wconf 69' lang='grc' dir='ltr'><em>ἔχειν</em></span> 
     </span>
     <span class='ocr_line' id='line_1_22' title="bbox 252 1633 1702 1700; baseline 0.001 -16"><span class='ocrx_word' id='word_1_202' title='bbox 252 1645 318 1685; x_wconf 80' lang='lat' dir='ltr'><strong>vix</strong></span> <span class='ocrx_word' id='word_1_203' title='bbox 355 1645 467 1687; x_wconf 77' lang='lat' dir='ltr'><strong>aliud</strong></span> <span class='ocrx_word' id='word_1_204' title='bbox 510 1651 573 1686; x_wconf 85' lang='lat' dir='ltr'><strong>est</strong></span> <span class='ocrx_word' id='word_1_205' title='bbox 611 1658 730 1697; x_wconf 87' lang='lat' dir='ltr'><strong>quam</strong></span> <span class='ocrx_word' id='word_1_206' title='bbox 772 1643 896 1700; x_wconf 81' lang='grc' dir='ltr'><em>τέχνῃ</em></span> <span class='ocrx_word' id='word_1_207' title='bbox 934 1633 980 1683; x_wconf 79' lang='grc' dir='ltr'><strong>εὗ</strong></span> <span class='ocrx_word' id='word_1_208' title='bbox 1015 1643 1230 1699; x_wconf 76' lang='grc' dir='ltr'><em>χρῆσθαι.</em></span> <span class='ocrx_word' id='word_1_209' title='bbox 1288 1648 1440 1699; x_wconf 82' lang='lat' dir='ltr'><strong>Scripsi</strong></span> <span class='ocrx_word' id='word_1_210' title='bbox 1478 1649 1602 1700; x_wconf 80' lang='lat' dir='ltr'><strong>igitur</strong></span> <span class='ocrx_word' id='word_1_211' title='bbox 1630 1643 1702 1695; x_wconf 67' lang='grc' dir='ltr'>τῇς,-</span> 
     </span>
     <span class='ocr_line' id='line_1_23' title="bbox 255 1707 1702 1770; baseline 0.006 -19"><span class='ocrx_word' id='word_1_212' title='bbox 255 1707 396 1765; x_wconf 82' lang='grc' dir='ltr'><strong><em>τύχης.</em></strong></span> <span class='ocrx_word' id='word_1_213' title='bbox 469 1715 560 1754; x_wconf 86' lang='lat' dir='ltr'><strong>Non</strong></span> <span class='ocrx_word' id='word_1_214' title='bbox 599 1715 733 1755; x_wconf 90' lang='lat' dir='ltr'><strong>omnia</strong></span> <span class='ocrx_word' id='word_1_215' title='bbox 765 1715 805 1754; x_wconf 86' lang='lat' dir='ltr'><strong>in</strong></span> <span class='ocrx_word' id='word_1_216' title='bbox 837 1715 1026 1764; x_wconf 82' lang='lat' dir='ltr'><strong>scientia,</strong></span> <span class='ocrx_word' id='word_1_217' title='bbox 1065 1716 1191 1757; x_wconf 87' lang='lat' dir='ltr'><strong>multa</strong></span> <span class='ocrx_word' id='word_1_218' title='bbox 1221 1718 1343 1756; x_wconf 78' lang='lat' dir='ltr'><strong>etiam</strong></span> <span class='ocrx_word' id='word_1_219' title='bbox 1372 1718 1412 1756; x_wconf 90' lang='lat' dir='ltr'><strong>in</strong></span> <span class='ocrx_word' id='word_1_220' title='bbox 1440 1717 1603 1757; x_wconf 78' lang='lat' dir='ltr'><strong>fortuna</strong></span> <span class='ocrx_word' id='word_1_221' title='bbox 1631 1715 1702 1770; x_wconf 61' lang='lat' dir='ltr'><strong>pos·-</strong></span> 
     </span>
     <span class='ocr_line' id='line_1_24' title="bbox 257 1780 1702 1837; baseline 0.001 -14"><span class='ocrx_word' id='word_1_222' title='bbox 257 1783 335 1823; x_wconf 80' lang='lat' dir='ltr'><strong>sita</strong></span> <span class='ocrx_word' id='word_1_223' title='bbox 364 1795 455 1823; x_wconf 84' lang='lat' dir='ltr'>esse</span> <span class='ocrx_word' id='word_1_224' title='bbox 486 1784 596 1824; x_wconf 86' lang='lat' dir='ltr'><strong>dicit.</strong></span> <span class='ocrx_word' id='word_1_225' title='bbox 646 1809 699 1815; x_wconf 81' lang='lat'>—</span> <span class='ocrx_word' id='word_1_226' title='bbox 719 1809 721 1811; x_wconf 85' lang='lat'>·</span> <span class='ocrx_word' id='word_1_227' title='bbox 745 1785 816 1824; x_wconf 83' lang='lat' dir='ltr'><strong>Vs.</strong></span> <span class='ocrx_word' id='word_1_228' title='bbox 849 1784 901 1823; x_wconf 83' lang='lat'><strong>35</strong></span> <span class='ocrx_word' id='word_1_229' title='bbox 932 1782 1082 1837; x_wconf 87' lang='grc' dir='ltr'><em>καιρὸν</em></span> <span class='ocrx_word' id='word_1_230' title='bbox 1112 1780 1161 1822; x_wconf 74' lang='grc' dir='ltr'><strong>δ’</strong></span> <span class='ocrx_word' id='word_1_231' title='bbox 1194 1787 1469 1829; x_wconf 81' lang='lat' dir='ltr'><strong>Casaubonus.</strong></span> <span class='ocrx_word' id='word_1_232' title='bbox 1518 1787 1631 1826; x_wconf 85' lang='lat' dir='ltr'><strong>Libri</strong></span> <span class='ocrx_word' id='word_1_233' title='bbox 1660 1783 1702 1824; x_wconf 75' lang='grc' dir='ltr'><strong>δὲ</strong></span> 
     </span>
     <span class='ocr_line' id='line_1_25' title="bbox 252 1844 1702 1905; baseline 0.003 -14"><span class='ocrx_word' id='word_1_234' title='bbox 252 1848 418 1904; x_wconf 82' lang='grc' dir='ltr'><em>καιρόν.</em></span> <span class='ocrx_word' id='word_1_235' title='bbox 476 1877 528 1884; x_wconf 81' lang='lat'><strong>—-</strong></span> <span class='ocrx_word' id='word_1_236' title='bbox 588 1853 657 1893; x_wconf 88' lang='lat' dir='ltr'><strong>Vs.</strong></span> <span class='ocrx_word' id='word_1_237' title='bbox 689 1853 742 1890; x_wconf 81' lang='lat'><strong>36</strong></span> <span class='ocrx_word' id='word_1_238' title='bbox 781 1853 874 1891; x_wconf 89' lang='lat' dir='ltr'><strong>libri</strong></span> <span class='ocrx_word' id='word_1_239' title='bbox 910 1851 1044 1903; x_wconf 80' lang='grc' dir='ltr'><em>μέγας</em></span> <span class='ocrx_word' id='word_1_240' title='bbox 1082 1850 1163 1905; x_wconf 85' lang='grc' dir='ltr'><strong>γὰρ</strong></span> <span class='ocrx_word' id='word_1_241' title='bbox 1192 1844 1240 1894; x_wconf 76' lang='grc' dir='ltr'><strong>εἶ.</strong></span> <span class='ocrx_word' id='word_1_242' title='bbox 1301 1845 1487 1896; x_wconf 82' lang='lat' dir='ltr'><strong>Correxit</strong></span> <span class='ocrx_word' id='word_1_243' title='bbox 1517 1856 1702 1896; x_wconf 73' lang='lat' dir='ltr'><strong>Adamu‘s.</strong></span> 
     </span>
     <span class='ocr_line' id='line_1_26' title="bbox 254 1920 1702 1975; baseline 0.003 -15"><span class='ocrx_word' id='word_1_244' title='bbox 254 1923 508 1973; x_wconf 77' lang='lat' dir='ltr'><strong>Quamquam</strong></span> <span class='ocrx_word' id='word_1_245' title='bbox 540 1934 617 1962; x_wconf 82' lang='lat' dir='ltr'><strong>nec</strong></span> <span class='ocrx_word' id='word_1_246' title='bbox 645 1920 777 1972; x_wconf 82' lang='grc' dir='ltr'><em>μέγας</em></span> <span class='ocrx_word' id='word_1_247' title='bbox 806 1923 923 1961; x_wconf 90' lang='lat' dir='ltr'>valde</span> <span class='ocrx_word' id='word_1_248' title='bbox 953 1924 1098 1974; x_wconf 84' lang='lat' dir='ltr'><strong>placet.</strong></span> <span class='ocrx_word' id='word_1_249' title='bbox 1139 1948 1191 1955; x_wconf 83' lang='lat'>—</span> <span class='ocrx_word' id='word_1_250' title='bbox 1222 1924 1292 1964; x_wconf 91' lang='lat' dir='ltr'><strong>Vs.</strong></span> <span class='ocrx_word' id='word_1_251' title='bbox 1323 1925 1378 1962; x_wconf 82' lang='lat'><strong>38</strong></span> <span class='ocrx_word' id='word_1_252' title='bbox 1407 1924 1528 1975; x_wconf 85' lang='lat' dir='ltr'><strong>vulgo</strong></span> <span class='ocrx_word' id='word_1_253' title='bbox 1558 1921 1702 1965; x_wconf 57' lang='grc' dir='ltr'><strong><em>ἐπιλαμ</em></strong></span> 
     </span>
     <span class='ocr_line' id='line_1_27' title="bbox 251 1988 1702 2044; baseline 0.003 -16"><span class='ocrx_word' id='word_1_254' title='bbox 251 1988 445 2029; x_wconf 70' lang='grc' dir='ltr'><em>θέσθαι.</em></span> <span class='ocrx_word' id='word_1_255' title='bbox 495 1988 665 2039; x_wconf 69' lang='grc' dir='ltr'><em>σημεῖα.</em></span> <span class='ocrx_word' id='word_1_256' title='bbox 734 1991 903 2030; x_wconf 85' lang='lat' dir='ltr'><strong>Correxi</strong></span> <span class='ocrx_word' id='word_1_257' title='bbox 943 1991 1077 2032; x_wconf 79' lang='lat' dir='ltr'>Praef.</span> <span class='ocrx_word' id='word_1_258' title='bbox 1119 1992 1168 2031; x_wconf 88' lang='lat' dir='ltr'><strong>ad</strong></span> <span class='ocrx_word' id='word_1_259' title='bbox 1208 1993 1479 2033; x_wconf 82' lang='lat' dir='ltr'>Menandrum</span> <span class='ocrx_word' id='word_1_260' title='bbox 1516 2007 1556 2044; x_wconf 87' lang='lat' dir='ltr'><strong>p.</strong></span> <span class='ocrx_word' id='word_1_261' title='bbox 1594 1993 1702 2035; x_wconf 80' lang='lat' dir='ltr'><strong>xvi.</strong></span> 
     </span>
     <span class='ocr_line' id='line_1_28' title="bbox 252 2059 1702 2115; baseline 0.001 -16"><span class='ocrx_word' id='word_1_262' title='bbox 252 2060 324 2101; x_wconf 87' lang='lat' dir='ltr'><strong>ubi</strong></span> <span class='ocrx_word' id='word_1_263' title='bbox 363 2060 608 2098; x_wconf 73' lang='lat' dir='ltr'>sententiam</span> <span class='ocrx_word' id='word_1_264' title='bbox 648 2059 727 2098; x_wconf 84' lang='lat' dir='ltr'><strong>loci</strong></span> <span class='ocrx_word' id='word_1_265' title='bbox 766 2059 953 2100; x_wconf 88' lang='lat' dir='ltr'><strong>indicavi.</strong></span> <span class='ocrx_word' id='word_1_266' title='bbox 1010 2087 1064 2094; x_wconf 85' lang='lat'><strong>—-</strong></span> <span class='ocrx_word' id='word_1_267' title='bbox 1120 2062 1191 2103; x_wconf 86' lang='lat' dir='ltr'><strong>Vs.</strong></span> <span class='ocrx_word' id='word_1_268' title='bbox 1221 2063 1275 2102; x_wconf 82' lang='lat'><strong>40</strong></span> <span class='ocrx_word' id='word_1_269' title='bbox 1315 2059 1511 2115; x_wconf 77' lang='grc' dir='ltr'><em>παραθῶ</em></span> <span class='ocrx_word' id='word_1_270' title='bbox 1545 2074 1590 2100; x_wconf 82' lang='grc' dir='ltr'><strong>τε</strong></span> <span class='ocrx_word' id='word_1_271' title='bbox 1622 2062 1702 2104; x_wconf 81' lang='lat' dir='ltr'><strong>VL.</strong></span> 
     </span>
     <span class='ocr_line' id='line_1_29' title="bbox 253 2123 1702 2180; baseline 0.002 -12"><span class='ocrx_word' id='word_1_272' title='bbox 253 2124 374 2180; x_wconf 80' lang='grc' dir='ltr'><em>παρὰ</em></span> <span class='ocrx_word' id='word_1_273' title='bbox 403 2123 454 2165; x_wconf 84' lang='grc' dir='ltr'><strong>τὸ</strong></span> <span class='ocrx_word' id='word_1_274' title='bbox 489 2129 535 2168; x_wconf 87' lang='grc' dir='ltr'><strong>Β.</strong></span> <span class='ocrx_word' id='word_1_275' title='bbox 593 2125 789 2180; x_wconf 76' lang='grc' dir='ltr'><em>παραθῶ</em></span> <span class='ocrx_word' id='word_1_276' title='bbox 818 2129 907 2169; x_wconf 85' lang='lat' dir='ltr'><strong>sine</strong></span> <span class='ocrx_word' id='word_1_277' title='bbox 940 2131 1061 2172; x_wconf 63' lang='lat'>101³.</span> <span class='ocrx_word' id='word_1_278' title='bbox 1121 2156 1175 2163; x_wconf 83' lang='lat'><strong>—</strong></span> <span class='ocrx_word' id='word_1_279' title='bbox 1211 2132 1302 2177; x_wconf 25' lang='lat' dir='ltr'><strong>AVs.</strong></span> <span class='ocrx_word' id='word_1_280' title='bbox 1333 2132 1386 2170; x_wconf 80' lang='lat'><strong>41</strong></span> <span class='ocrx_word' id='word_1_281' title='bbox 1425 2131 1519 2171; x_wconf 86' lang='lat' dir='ltr'><strong>libri</strong></span> <span class='ocrx_word' id='word_1_282' title='bbox 1547 2123 1702 2179; x_wconf 66' lang='grc' dir='ltr'><em>ἥκοντι.</em></span> 
     </span>
     <span class='ocr_line' id='line_1_30' title="bbox 254 2180 1702 2252; baseline 0.003 -15"><span class='ocrx_word' id='word_1_283' title='bbox 254 2197 426 2237; x_wconf 81' lang='lat' dir='ltr'><strong>Correxi</strong></span> <span class='ocrx_word' id='word_1_284' title='bbox 456 2197 483 2236; x_wconf 89' lang='grc' dir='ltr'><strong>Ι.</strong></span> <span class='ocrx_word' id='word_1_285' title='bbox 514 2197 541 2237; x_wconf 90' lang='lat' dir='ltr'><strong>l.</strong></span> <span class='ocrx_word' id='word_1_286' title='bbox 601 2197 757 2237; x_wconf 87' lang='lat' dir='ltr'><strong>Ibidem</strong></span> <span class='ocrx_word' id='word_1_287' title='bbox 796 2199 940 2251; x_wconf 83' lang='lat' dir='ltr'><strong>scripsi</strong></span> <span class='ocrx_word' id='word_1_288' title='bbox 985 2180 1177 2251; x_wconf 41' lang='grc' dir='ltr'><em>γέμοντ’·</em></span> <span class='ocrx_word' id='word_1_289' title='bbox 1205 2197 1280 2241; x_wconf 81' lang='grc' dir='ltr'><em>ἔτι.</em></span> <span class='ocrx_word' id='word_1_290' title='bbox 1347 2201 1379 2240; x_wconf 92' lang='grc' dir='ltr'><strong>Β</strong></span> <span class='ocrx_word' id='word_1_291' title='bbox 1409 2198 1540 2252; x_wconf 82' lang='grc' dir='ltr'><em>γέμον</em></span> <span class='ocrx_word' id='word_1_292' title='bbox 1577 2198 1622 2239; x_wconf 85' lang='grc' dir='ltr'><strong>τέ</strong></span> <span class='ocrx_word' id='word_1_293' title='bbox 1651 2212 1702 2241; x_wconf 78' lang='grc' dir='ltr'><strong>τι.</strong></span> 
     </span>
     <span class='ocr_line' id='line_1_31' title="bbox 255 2254 1702 2321; baseline 0.006 -19"><span class='ocrx_word' id='word_1_294' title='bbox 255 2276 397 2316; x_wconf 72' lang='grc' dir='ltr'><em>γεμων</em></span> <span class='ocrx_word' id='word_1_295' title='bbox 426 2277 470 2304; x_wconf 77' lang='grc' dir='ltr'><strong>τε</strong></span> <span class='ocrx_word' id='word_1_296' title='bbox 500 2277 541 2303; x_wconf 84' lang='grc' dir='ltr'><strong>τι</strong></span> <span class='ocrx_word' id='word_1_297' title='bbox 571 2266 618 2307; x_wconf 89' lang='grc' dir='ltr'><strong>Α.</strong></span> <span class='ocrx_word' id='word_1_298' title='bbox 665 2264 780 2317; x_wconf 82' lang='grc' dir='ltr'><em>γέμω</em></span> <span class='ocrx_word' id='word_1_299' title='bbox 805 2254 852 2304; x_wconf 68' lang='grc' dir='ltr'><strong>ἰ’-ε</strong></span> <span class='ocrx_word' id='word_1_300' title='bbox 882 2280 924 2305; x_wconf 80' lang='grc' dir='ltr'><strong>τι</strong></span> <span class='ocrx_word' id='word_1_301' title='bbox 954 2268 999 2310; x_wconf 88' lang='grc' dir='ltr'><strong>Ρ.</strong></span> <span class='ocrx_word' id='word_1_302' title='bbox 1042 2267 1216 2321; x_wconf 77' lang='grc' dir='ltr'><em>γέμοντι</em></span> <span class='ocrx_word' id='word_1_303' title='bbox 1246 2270 1331 2311; x_wconf 88' lang='lat' dir='ltr'><strong>VL.</strong></span> <span class='ocrx_word' id='word_1_304' title='bbox 1398 2270 1490 2310; x_wconf 89' lang='lat' dir='ltr'><strong>Non</strong></span> <span class='ocrx_word' id='word_1_305' title='bbox 1521 2269 1702 2311; x_wconf 62' lang='lat' dir='ltr'><strong>dissimu-</strong></span> 
     </span>
     <span class='ocr_line' id='line_1_32' title="bbox 253 2329 1702 2391; baseline 0.005 -19"><span class='ocrx_word' id='word_1_306' title='bbox 253 2335 418 2373; x_wconf 86' lang='lat' dir='ltr'><strong>landum</strong></span> <span class='ocrx_word' id='word_1_307' title='bbox 448 2338 584 2375; x_wconf 82' lang='lat' dir='ltr'>tamen</span> <span class='ocrx_word' id='word_1_308' title='bbox 615 2337 865 2375; x_wconf 82' lang='lat' dir='ltr'><strong>accusativos</strong></span> <span class='ocrx_word' id='word_1_309' title='bbox 904 2329 1067 2385; x_wconf 80' lang='grc' dir='ltr'><em>ἥκοντα</em></span> <span class='ocrx_word' id='word_1_310' title='bbox 1107 2343 1148 2378; x_wconf 83' lang='lat' dir='ltr'>et</span> <span class='ocrx_word' id='word_1_311' title='bbox 1182 2336 1368 2390; x_wconf 76' lang='grc' dir='ltr'><em>γέμοντα</em></span> <span class='ocrx_word' id='word_1_312' title='bbox 1396 2338 1534 2390; x_wconf 86' lang='lat' dir='ltr'><strong>paullo</strong></span> <span class='ocrx_word' id='word_1_313' title='bbox 1565 2338 1702 2391; x_wconf 66' lang='lat' dir='ltr'><strong>durius</strong></span> 
     </span>
     <span class='ocr_line' id='line_1_33' title="bbox 253 2401 1702 2455; baseline 0.005 -13"><span class='ocrx_word' id='word_1_314' title='bbox 253 2403 304 2445; x_wconf 75' lang='lat' dir='ltr'><strong>ad</strong></span> <span class='ocrx_word' id='word_1_315' title='bbox 344 2403 566 2443; x_wconf 79' lang='lat' dir='ltr'><strong>remotiora</strong></span> <span class='ocrx_word' id='word_1_316' title='bbox 602 2402 910 2444; x_wconf 78' lang='grc' dir='ltr'><strong><em>ἐπιλαθέσθαι</em></strong></span> <span class='ocrx_word' id='word_1_317' title='bbox 938 2401 1103 2455; x_wconf 81' lang='grc' dir='ltr'><em>ποιήσω</em></span> <span class='ocrx_word' id='word_1_318' title='bbox 1133 2407 1292 2447; x_wconf 83' lang='lat' dir='ltr'><strong>referri.</strong></span> <span class='ocrx_word' id='word_1_319' title='bbox 1351 2407 1457 2448; x_wconf 83' lang='lat' dir='ltr'><strong>Vide</strong></span> <span class='ocrx_word' id='word_1_320' title='bbox 1495 2406 1613 2449; x_wconf 81' lang='lat' dir='ltr'><strong>infra.</strong></span> <span class='ocrx_word' id='word_1_321' title='bbox 1652 2431 1702 2439; x_wconf 90' lang='lat'><em>-</em></span> 
     </span>
     <span class='ocr_line' id='line_1_34' title="bbox 254 2470 1702 2530; baseline 0.003 -20"><span class='ocrx_word' id='word_1_322' title='bbox 254 2470 325 2511; x_wconf 90' lang='grc' dir='ltr'><em>νε.</em></span> <span class='ocrx_word' id='word_1_323' title='bbox 356 2471 410 2510; x_wconf 81' lang='lat'><strong>42</strong></span> <span class='ocrx_word' id='word_1_324' title='bbox 451 2470 721 2523; x_wconf 78' lang='grc' dir='ltr'><em>φορτητικῶν</em></span> <span class='ocrx_word' id='word_1_325' title='bbox 751 2474 868 2513; x_wconf 83' lang='grc' dir='ltr'><em>ΔΒΡ.</em></span> <span class='ocrx_word' id='word_1_326' title='bbox 928 2473 1143 2528; x_wconf 71' lang='grc' dir='ltr'><em>φορτικῶν</em></span> <span class='ocrx_word' id='word_1_327' title='bbox 1174 2477 1259 2518; x_wconf 86' lang='lat' dir='ltr'><strong>VL.</strong></span> <span class='ocrx_word' id='word_1_328' title='bbox 1319 2477 1472 2528; x_wconf 86' lang='lat' dir='ltr'><strong>Scripsi</strong></span> <span class='ocrx_word' id='word_1_329' title='bbox 1502 2487 1702 2530; x_wconf 61' lang='lat' dir='ltr'><strong>&lt;pomum-u</strong></span> 
     </span>
     <span class='ocr_line' id='line_1_35' title="bbox 254 2533 1702 2599; baseline 0.006 -22"><span class='ocrx_word' id='word_1_330' title='bbox 254 2536 353 2582; x_wconf 77' lang='grc' dir='ltr'><em>κῶν,</em></span> <span class='ocrx_word' id='word_1_331' title='bbox 413 2540 473 2580; x_wconf 86' lang='lat' dir='ltr'><strong>lta</strong></span> <span class='ocrx_word' id='word_1_332' title='bbox 504 2540 604 2580; x_wconf 80' lang='lat' dir='ltr'><strong>dixit</strong></span> <span class='ocrx_word' id='word_1_333' title='bbox 634 2543 771 2591; x_wconf 83' lang='lat' dir='ltr'><strong>cibos,</strong></span> <span class='ocrx_word' id='word_1_334' title='bbox 806 2543 990 2595; x_wconf 82' lang='lat' dir='ltr'><strong>qualibus</strong></span> <span class='ocrx_word' id='word_1_335' title='bbox 1020 2544 1230 2599; x_wconf 73' lang='grc' dir='ltr'><em>φορτηγοὶ</em></span> <span class='ocrx_word' id='word_1_336' title='bbox 1259 2547 1301 2585; x_wconf 85' lang='lat' dir='ltr'><strong>in</strong></span> <span class='ocrx_word' id='word_1_337' title='bbox 1329 2546 1475 2586; x_wconf 82' lang='lat' dir='ltr'><strong>itinere</strong></span> <span class='ocrx_word' id='word_1_338' title='bbox 1505 2533 1702 2586; x_wconf 67' lang='lat' dir='ltr'><strong>maritimo</strong></span> 
     </span>
     <span class='ocr_line' id='line_1_36' title="bbox 253 2608 1702 2667; baseline 0.003 -19"><span class='ocrx_word' id='word_1_339' title='bbox 253 2610 437 2648; x_wconf 81' lang='lat' dir='ltr'><strong>utuntur.</strong></span> <span class='ocrx_word' id='word_1_340' title='bbox 509 2609 666 2650; x_wconf 74' lang='lat' dir='ltr'><strong>ibidem</strong></span> <span class='ocrx_word' id='word_1_341' title='bbox 715 2612 807 2651; x_wconf 87' lang='lat' dir='ltr'><strong>libri</strong></span> <span class='ocrx_word' id='word_1_342' title='bbox 854 2608 1071 2664; x_wconf 79' lang='grc' dir='ltr'><em>ἀγωνίαις.</em></span> <span class='ocrx_word' id='word_1_343' title='bbox 1139 2615 1293 2667; x_wconf 84' lang='lat' dir='ltr'><strong>Scripsi</strong></span> <span class='ocrx_word' id='word_1_344' title='bbox 1331 2610 1617 2666; x_wconf 81' lang='grc' dir='ltr'><em>ἆναγωγὶαις,</em></span> <span class='ocrx_word' id='word_1_345' title='bbox 1653 2613 1702 2654; x_wconf 71' lang='lat' dir='ltr'><strong>da</strong></span> 
     </span>
     <span class='ocr_line' id='line_1_37' title="bbox 247 2676 1702 2736; baseline 0.008 -22"><span class='ocrx_word' id='word_1_346' title='bbox 247 2676 433 2727; x_wconf 72' lang='lat' dir='ltr'><strong>fastidio</strong></span> <span class='ocrx_word' id='word_1_347' title='bbox 462 2677 718 2732; x_wconf 84' lang='lat' dir='ltr'>intellegens.</span> <span class='ocrx_word' id='word_1_348' title='bbox 758 2681 1007 2734; x_wconf 84' lang='lat' dir='ltr'><strong>Hesychius,</strong></span> <span class='ocrx_word' id='word_1_349' title='bbox 1032 2679 1252 2736; x_wconf 79' lang='grc' dir='ltr'><em>Ἀγωγία;</em></span> <span class='ocrx_word' id='word_1_350' title='bbox 1283 2679 1430 2733; x_wconf 79' lang='grc' dir='ltr'><em>ἀηδία.</em></span> <span class='ocrx_word' id='word_1_351' title='bbox 1474 2685 1554 2726; x_wconf 86' lang='lat' dir='ltr'><strong>Hic</strong></span> <span class='ocrx_word' id='word_1_352' title='bbox 1585 2684 1702 2725; x_wconf 77' lang='lat' dir='ltr'><strong>etiam</strong></span> 
     </span>
    </p>
   </div>
  </div>
 </body>
</html>
