<?xml version="1.0" encoding="UTF-8"?>
<!DOCTYPE html PUBLIC "-//W3C//DTD XHTML 1.0 Transitional//EN"
    "http://www.w3.org/TR/xhtml1/DTD/xhtml1-transitional.dtd">
<html xmlns="http://www.w3.org/1999/xhtml" xml:lang="en" lang="en">
 <head>
  <title>
</title>
<meta http-equiv="Content-Type" content="text/html;charset=utf-8" />
  <meta name='ocr-system' content='tesseract 3.04.00' />
  <meta name='ocr-capabilities' content='ocr_page ocr_carea ocr_par ocr_line ocrx_word'/>
</head>
<body>
  <div class='ocr_page' id='page_1' title='image "./fragmentacomicor03meinuoft_0140.png"; bbox 0 0 1702 3158; ppageno 0'>
   <div class='ocr_carea' id='block_1_1' title="bbox 218 194 1107 240">
    <p class='ocr_par' dir='ltr' id='par_1_1' title="bbox 218 194 1107 240">
     <span class='ocr_line' id='line_1_1' title="bbox 218 194 1107 240; baseline -0.003 0"><span class='ocrx_word' id='word_1_1' title='bbox 218 201 297 240; x_wconf 81' lang='lat'>1:32</span> <span class='ocrx_word' id='word_1_2' title='bbox 766 194 899 235; x_wconf 85' lang='lat' dir='ltr'><strong>ANTI</strong></span> <span class='ocrx_word' id='word_1_3' title='bbox 905 194 1107 237; x_wconf 75' lang='lat' dir='ltr'>PHANIS</span> 
     </span>
    </p>
   </div>
   <div class='ocr_carea' id='block_1_2' title="bbox 272 298 1667 441">
    <p class='ocr_par' dir='ltr' id='par_1_2' title="bbox 272 298 1667 441">
     <span class='ocr_line' id='line_1_2' title="bbox 327 298 1321 360; baseline -0.003 -15"><span class='ocrx_word' id='word_1_4' title='bbox 327 301 504 360; x_wconf 66' lang='grc' dir='ltr'><em>φιάλας,</em></span> <span class='ocrx_word' id='word_1_5' title='bbox 531 302 724 360; x_wconf 72' lang='grc' dir='ltr'><em>τριήρεις,</em></span> <span class='ocrx_word' id='word_1_6' title='bbox 755 300 1062 358; x_wconf 72' lang='grc' dir='ltr'><em>τραγελάφους,</em></span> <span class='ocrx_word' id='word_1_7' title='bbox 1091 298 1321 358; x_wconf 80' lang='grc' dir='ltr'><em>καρχήσια,</em></span> 
     </span>
     <span class='ocr_line' id='line_1_3' title="bbox 272 375 1667 441; baseline -0.002 -12"><span class='ocrx_word' id='word_1_8' title='bbox 272 391 299 429; x_wconf 86' lang='grc'><strong>5</strong></span> <span class='ocrx_word' id='word_1_9' title='bbox 327 385 518 441; x_wconf 76' lang='grc' dir='ltr'><em>γαυλοὺς,</em></span> <span class='ocrx_word' id='word_1_10' title='bbox 540 383 810 441; x_wconf 82' lang='grc' dir='ltr'><em>ὁλοχρύσους.</em></span> <span class='ocrx_word' id='word_1_11' title='bbox 840 385 895 428; x_wconf 87' lang='grc' dir='ltr'><em>Β.</em></span> <span class='ocrx_word' id='word_1_12' title='bbox 916 384 1070 437; x_wconf 69' lang='grc' dir='ltr'><em>πλοῖα,</em></span> <span class='ocrx_word' id='word_1_13' title='bbox 1099 385 1153 427; x_wconf 92' lang='grc' dir='ltr'><em>Α.</em></span> <span class='ocrx_word' id='word_1_14' title='bbox 1172 383 1272 434; x_wconf 83' lang='grc' dir='ltr'><em>τοὺς</em></span> <span class='ocrx_word' id='word_1_15' title='bbox 1299 381 1455 434; x_wconf 83' lang='grc' dir='ltr'><strong><em>κάδους</em></strong></span> <span class='ocrx_word' id='word_1_16' title='bbox 1483 386 1561 439; x_wconf 76' lang='grc' dir='ltr'><em>μὲν</em></span> <span class='ocrx_word' id='word_1_17' title='bbox 1589 375 1667 426; x_wconf 81' lang='grc' dir='ltr'><em>οὗν</em></span> 
     </span>
    </p>
   </div>
   <div class='ocr_carea' id='block_1_3' title="bbox 328 464 1310 524">
    <p class='ocr_par' dir='ltr' id='par_1_3' title="bbox 328 464 1310 524">
     <span class='ocr_line' id='line_1_4' title="bbox 328 464 1310 524; baseline -0.001 -13"><span class='ocrx_word' id='word_1_18' title='bbox 328 470 507 511; x_wconf 83' lang='grc' dir='ltr'><em>καλοῦσι</em></span> <span class='ocrx_word' id='word_1_19' title='bbox 537 467 722 522; x_wconf 77' lang='grc' dir='ltr'><em>γαυλοὺς</em></span> <span class='ocrx_word' id='word_1_20' title='bbox 751 465 907 516; x_wconf 79' lang='grc' dir='ltr'><em>πάντες</em></span> <span class='ocrx_word' id='word_1_21' title='bbox 936 468 978 508; x_wconf 84' lang='grc' dir='ltr'><em>οἱ</em></span> <span class='ocrx_word' id='word_1_22' title='bbox 1009 464 1310 524; x_wconf 79' lang='grc' dir='ltr'><em>προγάστορες.</em></span> 
     </span>
    </p>
   </div>
   <div class='ocr_carea' id='block_1_4' title="bbox 216 561 1666 910">
    <p class='ocr_par' dir='ltr' id='par_1_4' title="bbox 216 561 1666 910">
     <span class='ocr_line' id='line_1_5' title="bbox 325 561 1666 636; baseline -0.003 -13"><span class='ocrx_word' id='word_1_23' title='bbox 325 585 560 624; x_wconf 79' lang='lat' dir='ltr'><strong>Athenaeus</strong></span> <span class='ocrx_word' id='word_1_24' title='bbox 598 583 655 621; x_wconf 88' lang='lat' dir='ltr'><em>Xl</em></span> <span class='ocrx_word' id='word_1_25' title='bbox 698 595 737 633; x_wconf 90' lang='lat' dir='ltr'><em>p.</em></span> <span class='ocrx_word' id='word_1_26' title='bbox 767 581 851 620; x_wconf 84' lang='lat'><em>500</em></span> <span class='ocrx_word' id='word_1_27' title='bbox 868 595 904 621; x_wconf 85' lang='lat' dir='ltr'><em>e.</em></span> <span class='ocrx_word' id='word_1_28' title='bbox 944 582 995 621; x_wconf 89' lang='lat' dir='ltr'><em>de</em></span> <span class='ocrx_word' id='word_1_29' title='bbox 1033 576 1289 636; x_wconf 73' lang='grc' dir='ltr'><em>τραγελάφῳ</em></span> <span class='ocrx_word' id='word_1_30' title='bbox 1327 561 1463 634; x_wconf 60' lang='grc' dir='ltr'><em>ἰἷοοιιΙὶ</em></span> <span class='ocrx_word' id='word_1_31' title='bbox 1503 581 1666 620; x_wconf 88' lang='lat' dir='ltr'><strong>nomine</strong></span> 
     </span>
     <span class='ocr_line' id='line_1_6' title="bbox 218 644 1662 705; baseline -0.004 -13"><span class='ocrx_word' id='word_1_32' title='bbox 218 653 444 692; x_wconf 86' lang='lat' dir='ltr'><strong>disserens:</strong></span> <span class='ocrx_word' id='word_1_33' title='bbox 471 644 743 702; x_wconf 78' lang='grc' dir='ltr'><em>Ἀντιφάνης</em></span> <span class='ocrx_word' id='word_1_34' title='bbox 775 645 965 698; x_wconf 80' lang='grc' dir='ltr'><em>Χρυσίδι</em></span> <span class='ocrx_word' id='word_1_35' title='bbox 994 645 1378 705; x_wconf 75' lang='grc' dir='ltr'><em>Σατραποπλοὺτῳ</em></span> <span class='ocrx_word' id='word_1_36' title='bbox 1407 647 1495 689; x_wconf 84' lang='grc' dir='ltr'><em>κτλ.</em></span> <span class='ocrx_word' id='word_1_37' title='bbox 1552 649 1622 688; x_wconf 89' lang='grc' dir='ltr'><em>νε.</em></span> <span class='ocrx_word' id='word_1_38' title='bbox 1640 649 1662 686; x_wconf 92' lang='lat'>1</span> 
     </span>
     <span class='ocr_line' id='line_1_7' title="bbox 217 714 1665 772; baseline -0.001 -13"><span class='ocrx_word' id='word_1_39' title='bbox 217 722 310 759; x_wconf 86' lang='lat' dir='ltr'>libri</span> <span class='ocrx_word' id='word_1_40' title='bbox 342 714 658 772; x_wconf 77' lang='grc' dir='ltr'><em>σαπροπλούτῳ</em></span> <span class='ocrx_word' id='word_1_41' title='bbox 688 720 837 759; x_wconf 87' lang='lat' dir='ltr'><strong>omisso</strong></span> <span class='ocrx_word' id='word_1_42' title='bbox 868 721 1052 762; x_wconf 87' lang='lat' dir='ltr'><strong>articulo.</strong></span> <span class='ocrx_word' id='word_1_43' title='bbox 1110 722 1296 761; x_wconf 84' lang='lat' dir='ltr'>Correxit</span> <span class='ocrx_word' id='word_1_44' title='bbox 1325 720 1534 759; x_wconf 86' lang='lat' dir='ltr'><strong>Dobraeus</strong></span> <span class='ocrx_word' id='word_1_45' title='bbox 1563 718 1665 759; x_wconf 80' lang='lat' dir='ltr'><strong>Adv.</strong></span> 
     </span>
     <span class='ocr_line' id='line_1_8' title="bbox 217 789 1666 841; baseline -0.001 -13"><span class='ocrx_word' id='word_1_46' title='bbox 217 790 255 828; x_wconf 84' lang='lat'><em>11</em></span> <span class='ocrx_word' id='word_1_47' title='bbox 285 803 325 840; x_wconf 89' lang='lat' dir='ltr'><em>p.</em></span> <span class='ocrx_word' id='word_1_48' title='bbox 356 789 451 828; x_wconf 81' lang='lat'><strong>335.</strong></span> <span class='ocrx_word' id='word_1_49' title='bbox 510 789 737 828; x_wconf 74' lang='lat' dir='ltr'><strong>Articulum</strong></span> <span class='ocrx_word' id='word_1_50' title='bbox 766 789 977 828; x_wconf 80' lang='lat' dir='ltr'><strong>addiderat</strong></span> <span class='ocrx_word' id='word_1_51' title='bbox 1007 791 1126 829; x_wconf 85' lang='lat' dir='ltr'><strong>etiam</strong></span> <span class='ocrx_word' id='word_1_52' title='bbox 1157 790 1582 841; x_wconf 81' lang='lat' dir='ltr'><strong>Schweighaeuserus.</strong></span> <span class='ocrx_word' id='word_1_53' title='bbox 1612 810 1666 817; x_wconf 92' lang='lat'><em>——-</em></span> 
     </span>
     <span class='ocr_line' id='line_1_9' title="bbox 216 853 1664 910; baseline -0.003 -12"><span class='ocrx_word' id='word_1_54' title='bbox 216 859 287 899; x_wconf 83' lang='lat' dir='ltr'><em>Vs.</em></span> <span class='ocrx_word' id='word_1_55' title='bbox 317 859 343 897; x_wconf 79' lang='lat'>2</span> <span class='ocrx_word' id='word_1_56' title='bbox 382 853 638 910; x_wconf 79' lang='grc' dir='ltr'><em>ἐπιτρόπους</em></span> <span class='ocrx_word' id='word_1_57' title='bbox 658 864 962 909; x_wconf 80' lang='lat' dir='ltr'><em>procuratores.</em></span> <span class='ocrx_word' id='word_1_58' title='bbox 1021 860 1071 900; x_wconf 90' lang='lat' dir='ltr'><em>V.</em></span> <span class='ocrx_word' id='word_1_59' title='bbox 1102 859 1322 899; x_wconf 77' lang='lat' dir='ltr'>Salmasius</span> <span class='ocrx_word' id='word_1_60' title='bbox 1352 858 1403 897; x_wconf 85' lang='lat' dir='ltr'><em>ad</em></span> <span class='ocrx_word' id='word_1_61' title='bbox 1431 856 1579 907; x_wconf 88' lang='lat' dir='ltr'><strong>Script.</strong></span> <span class='ocrx_word' id='word_1_62' title='bbox 1609 854 1664 894; x_wconf 86' lang='lat' dir='ltr'><em>H.</em></span> 
     </span>
    </p>
   </div>
   <div class='ocr_carea' id='block_1_5' title="bbox 216 917 1667 1119">
    <p class='ocr_par' dir='ltr' id='par_1_5' title="bbox 216 917 1667 1119">
     <span class='ocr_line' id='line_1_10' title="bbox 216 917 1663 991; baseline -0.004 -24"><span class='ocrx_word' id='word_1_63' title='bbox 216 929 263 967; x_wconf 90' lang='lat' dir='ltr'><em>A.</em></span> <span class='ocrx_word' id='word_1_64' title='bbox 299 927 316 965; x_wconf 95' lang='lat'>1</span> <span class='ocrx_word' id='word_1_65' title='bbox 345 941 384 978; x_wconf 89' lang='lat' dir='ltr'><em>p.</em></span> <span class='ocrx_word' id='word_1_66' title='bbox 416 929 510 991; x_wconf 50' lang='lat'><strong>135).</strong></span> <span class='ocrx_word' id='word_1_67' title='bbox 568 954 621 959; x_wconf 85' lang='lat'><em>—-</em></span> <span class='ocrx_word' id='word_1_68' title='bbox 679 928 749 968; x_wconf 81' lang='lat' dir='ltr'><em>Vs.</em></span> <span class='ocrx_word' id='word_1_69' title='bbox 779 928 806 966; x_wconf 85' lang='lat'>4</span> <span class='ocrx_word' id='word_1_70' title='bbox 846 923 1040 982; x_wconf 78' lang='grc' dir='ltr'><em>τριήρεις.</em></span> <span class='ocrx_word' id='word_1_71' title='bbox 1097 929 1332 970; x_wconf 71' lang='lat' dir='ltr'><strong>Athenaeus</strong></span> <span class='ocrx_word' id='word_1_72' title='bbox 1371 928 1398 967; x_wconf 90' lang='lat'><em>1.</em></span> <span class='ocrx_word' id='word_1_73' title='bbox 1429 927 1456 966; x_wconf 89' lang='lat' dir='ltr'><em>l.</em></span> <span class='ocrx_word' id='word_1_74' title='bbox 1493 917 1563 963; x_wconf 79' lang='grc' dir='ltr'><em>ὅτι</em></span> <span class='ocrx_word' id='word_1_75' title='bbox 1588 921 1663 962; x_wconf 84' lang='grc' dir='ltr'><em>καὶ</em></span> 
     </span>
     <span class='ocr_line' id='line_1_11' title="bbox 216 991 1667 1048; baseline -0.001 -15"><span class='ocrx_word' id='word_1_76' title='bbox 216 991 391 1048; x_wconf 82' lang='grc' dir='ltr'><em>τριήρης</em></span> <span class='ocrx_word' id='word_1_77' title='bbox 436 993 550 1043; x_wconf 77' lang='grc' dir='ltr'><em>εἰδος</em></span> <span class='ocrx_word' id='word_1_78' title='bbox 593 993 844 1047; x_wconf 76' lang='grc' dir='ltr'><em>ἐκπώματος</em></span> <span class='ocrx_word' id='word_1_79' title='bbox 886 992 1108 1044; x_wconf 81' lang='grc' dir='ltr'><em>Ἐπίνικος</em></span> <span class='ocrx_word' id='word_1_80' title='bbox 1163 995 1210 1035; x_wconf 77' lang='grc' dir='ltr'><em>ἐν</em></span> <span class='ocrx_word' id='word_1_81' title='bbox 1261 991 1667 1046; x_wconf 57' lang='grc' dir='ltr'><em>ιΥπο,ι5ἀλ2.ομέναις,·</em></span> 
     </span>
     <span class='ocr_line' id='line_1_12' title="bbox 217 1059 1665 1119; baseline -0.001 -18"><span class='ocrx_word' id='word_1_82' title='bbox 217 1059 440 1111; x_wconf 69' lang='grc' dir='ltr'><em>δεδήλωκε.</em></span> <span class='ocrx_word' id='word_1_83' title='bbox 478 1089 532 1096; x_wconf 66' lang='lat'>—</span> <span class='ocrx_word' id='word_1_84' title='bbox 570 1065 642 1105; x_wconf 87' lang='lat' dir='ltr'><em>Vs.</em></span> <span class='ocrx_word' id='word_1_85' title='bbox 672 1065 699 1103; x_wconf 86' lang='lat'>5</span> <span class='ocrx_word' id='word_1_86' title='bbox 729 1066 850 1117; x_wconf 82' lang='lat' dir='ltr'><strong>vulgo</strong></span> <span class='ocrx_word' id='word_1_87' title='bbox 883 1067 971 1106; x_wconf 86' lang='lat' dir='ltr'><strong>sine</strong></span> <span class='ocrx_word' id='word_1_88' title='bbox 1000 1079 1265 1119; x_wconf 71' lang='lat' dir='ltr'><strong>personarum</strong></span> <span class='ocrx_word' id='word_1_89' title='bbox 1294 1067 1447 1105; x_wconf 85' lang='lat' dir='ltr'><strong>vicibus</strong></span> <span class='ocrx_word' id='word_1_90' title='bbox 1477 1064 1665 1104; x_wconf 80' lang='lat' dir='ltr'><strong>scribitur</strong></span> 
     </span>
    </p>
   </div>
   <div class='ocr_carea' id='block_1_6' title="bbox 212 1124 1697 1669">
    <p class='ocr_par' dir='ltr' id='par_1_6' title="bbox 212 1124 1697 1669">
     <span class='ocr_line' id='line_1_13' title="bbox 218 1124 1697 1187; baseline 0 -16"><span class='ocrx_word' id='word_1_91' title='bbox 218 1128 501 1186; x_wconf 80' lang='grc' dir='ltr'><em>ὁλοχρύσους,</em></span> <span class='ocrx_word' id='word_1_92' title='bbox 542 1131 686 1180; x_wconf 81' lang='grc' dir='ltr'><em>πλοῖα,</em></span> <span class='ocrx_word' id='word_1_93' title='bbox 726 1131 827 1180; x_wconf 85' lang='grc' dir='ltr'><em>τοὺς</em></span> <span class='ocrx_word' id='word_1_94' title='bbox 855 1130 1014 1181; x_wconf 84' lang='grc' dir='ltr'><em>κάδους</em></span> <span class='ocrx_word' id='word_1_95' title='bbox 1051 1136 1130 1187; x_wconf 77' lang='grc' dir='ltr'><em>μὲν</em></span> <span class='ocrx_word' id='word_1_96' title='bbox 1167 1124 1245 1174; x_wconf 82' lang='grc' dir='ltr'><em>οὗν</em></span> <span class='ocrx_word' id='word_1_97' title='bbox 1282 1140 1360 1175; x_wconf 86' lang='lat' dir='ltr'><strong>etc.</strong></span> <span class='ocrx_word' id='word_1_98' title='bbox 1425 1134 1516 1174; x_wconf 91' lang='lat' dir='ltr'><em>Non</em></span> <span class='ocrx_word' id='word_1_99' title='bbox 1551 1135 1665 1172; x_wconf 81' lang='lat' dir='ltr'><strong>recte</strong></span> <span class='ocrx_word' id='word_1_100' title='bbox 1695 1158 1697 1160; x_wconf 65' lang='grc'><em>»</em></span> 
     </span>
     <span class='ocr_line' id='line_1_14' title="bbox 215 1192 1662 1256; baseline -0.001 -15"><span class='ocrx_word' id='word_1_101' title='bbox 215 1202 364 1241; x_wconf 81' lang='lat' dir='ltr'><strong>factum</strong></span> <span class='ocrx_word' id='word_1_102' title='bbox 401 1215 491 1241; x_wconf 85' lang='lat' dir='ltr'><strong>esse</strong></span> <span class='ocrx_word' id='word_1_103' title='bbox 528 1203 677 1242; x_wconf 86' lang='lat' dir='ltr'><strong>docent</strong></span> <span class='ocrx_word' id='word_1_104' title='bbox 716 1204 941 1254; x_wconf 77' lang='lat' dir='ltr'><strong>particulae</strong></span> <span class='ocrx_word' id='word_1_105' title='bbox 977 1204 1057 1256; x_wconf 80' lang='grc' dir='ltr'><em>μὲν</em></span> <span class='ocrx_word' id='word_1_106' title='bbox 1093 1192 1186 1245; x_wconf 76' lang='grc' dir='ltr'><em>οὖν.</em></span> <span class='ocrx_word' id='word_1_107' title='bbox 1244 1204 1389 1244; x_wconf 91' lang='lat' dir='ltr'><strong>Monui</strong></span> <span class='ocrx_word' id='word_1_108' title='bbox 1426 1203 1505 1242; x_wconf 85' lang='lat' dir='ltr'><strong>iam</strong></span> <span class='ocrx_word' id='word_1_109' title='bbox 1543 1201 1662 1249; x_wconf 81' lang='lat' dir='ltr'><strong>olim3</strong></span> 
     </span>
     <span class='ocr_line' id='line_1_15' title="bbox 214 1266 1663 1324; baseline -0.001 -14"><span class='ocrx_word' id='word_1_110' title='bbox 214 1283 322 1311; x_wconf 88' lang='lat' dir='ltr'><strong>nunc</strong></span> <span class='ocrx_word' id='word_1_111' title='bbox 360 1272 481 1310; x_wconf 80' lang='lat' dir='ltr'><strong>etiam</strong></span> <span class='ocrx_word' id='word_1_112' title='bbox 520 1271 741 1310; x_wconf 84' lang='lat' dir='ltr'><strong>Dobraeus.</strong></span> <span class='ocrx_word' id='word_1_113' title='bbox 801 1297 853 1304; x_wconf 71' lang='lat'>—</span> <span class='ocrx_word' id='word_1_114' title='bbox 912 1273 981 1314; x_wconf 84' lang='lat' dir='ltr'><em>Vs.</em></span> <span class='ocrx_word' id='word_1_115' title='bbox 1013 1275 1039 1312; x_wconf 87' lang='grc'>6</span> <span class='ocrx_word' id='word_1_116' title='bbox 1081 1268 1236 1320; x_wconf 76' lang='grc' dir='ltr'><em>πάντες</em></span> <span class='ocrx_word' id='word_1_117' title='bbox 1281 1271 1324 1311; x_wconf 84' lang='grc' dir='ltr'><em>οἱ</em></span> <span class='ocrx_word' id='word_1_118' title='bbox 1361 1266 1663 1324; x_wconf 70' lang='grc' dir='ltr'><em>προγάστορες.</em></span> 
     </span>
     <span class='ocr_line' id='line_1_16' title="bbox 216 1340 1664 1395; baseline -0.001 -15"><span class='ocrx_word' id='word_1_119' title='bbox 216 1341 357 1391; x_wconf 85' lang='lat' dir='ltr'>Inepte</span> <span class='ocrx_word' id='word_1_120' title='bbox 383 1344 547 1379; x_wconf 86' lang='lat' dir='ltr'><strong>vertunt</strong></span> <span class='ocrx_word' id='word_1_121' title='bbox 575 1341 699 1379; x_wconf 81' lang='lat' dir='ltr'><strong>cados</strong></span> <span class='ocrx_word' id='word_1_122' title='bbox 720 1340 931 1393; x_wconf 81' lang='lat' dir='ltr'><strong>appellant</strong></span> <span class='ocrx_word' id='word_1_123' title='bbox 946 1341 1184 1383; x_wconf 79' lang='lat' dir='ltr'><strong>mulctralia</strong></span> <span class='ocrx_word' id='word_1_124' title='bbox 1209 1356 1346 1382; x_wconf 84' lang='lat' dir='ltr'><strong>omnes</strong></span> <span class='ocrx_word' id='word_1_125' title='bbox 1374 1341 1523 1395; x_wconf 76' lang='lat' dir='ltr'><strong>gulosi.</strong></span> <span class='ocrx_word' id='word_1_126' title='bbox 1553 1340 1664 1380; x_wconf 90' lang='lat' dir='ltr'><strong>Scri-</strong></span> 
     </span>
     <span class='ocr_line' id='line_1_17' title="bbox 212 1403 1663 1465; baseline 0 -17"><span class='ocrx_word' id='word_1_127' title='bbox 212 1409 390 1448; x_wconf 84' lang='lat' dir='ltr'><strong>bendum</strong></span> <span class='ocrx_word' id='word_1_128' title='bbox 429 1410 590 1448; x_wconf 82' lang='lat' dir='ltr'><strong>videtur</strong></span> <span class='ocrx_word' id='word_1_129' title='bbox 628 1403 794 1455; x_wconf 83' lang='grc' dir='ltr'><em>πάντας</em></span> <span class='ocrx_word' id='word_1_130' title='bbox 832 1403 878 1447; x_wconf 77' lang='grc' dir='ltr'><em>οἲ</em></span> <span class='ocrx_word' id='word_1_131' title='bbox 903 1406 1211 1465; x_wconf 74' lang='grc' dir='ltr'><em>προγάστορες,</em></span> <span class='ocrx_word' id='word_1_132' title='bbox 1251 1412 1375 1451; x_wconf 79' lang='lat' dir='ltr'><strong>cados</strong></span> <span class='ocrx_word' id='word_1_133' title='bbox 1405 1424 1563 1459; x_wconf 84' lang='lat' dir='ltr'><strong>omnes,</strong></span> <span class='ocrx_word' id='word_1_134' title='bbox 1593 1410 1663 1462; x_wconf 74' lang='lat' dir='ltr'><strong>qui</strong></span> 
     </span>
     <span class='ocr_line' id='line_1_18' title="bbox 213 1475 1660 1532; baseline -0.001 -15"><span class='ocrx_word' id='word_1_135' title='bbox 213 1479 440 1517; x_wconf 61' lang='lat' dir='ltr'><strong>ventrio-osi</strong></span> <span class='ocrx_word' id='word_1_136' title='bbox 466 1483 563 1516; x_wconf 79' lang='lat' dir='ltr'><strong>sunt</strong></span> <span class='ocrx_word' id='word_1_137' title='bbox 581 1507 591 1526; x_wconf 90' lang='lat'>‚</span> <span class='ocrx_word' id='word_1_138' title='bbox 622 1477 835 1530; x_wconf 80' lang='lat' dir='ltr'><em>appellant</em></span> <span class='ocrx_word' id='word_1_139' title='bbox 864 1475 1063 1529; x_wconf 72' lang='grc' dir='ltr'><em>γαυλοὺς.</em></span> <span class='ocrx_word' id='word_1_140' title='bbox 1131 1481 1205 1521; x_wconf 83' lang='lat' dir='ltr'><em>Cfr</em></span> <span class='ocrx_word' id='word_1_141' title='bbox 1232 1481 1283 1520; x_wconf 78' lang='lat' dir='ltr'><em>ad</em></span> <span class='ocrx_word' id='word_1_142' title='bbox 1313 1481 1475 1532; x_wconf 81' lang='lat' dir='ltr'><strong>Fragm.</strong></span> <span class='ocrx_word' id='word_1_143' title='bbox 1506 1478 1660 1518; x_wconf 80' lang='lat' dir='ltr'><strong>Cratini</strong></span> 
     </span>
     <span class='ocr_line' id='line_1_19' title="bbox 214 1541 1663 1602; baseline -0.001 -17"><span class='ocrx_word' id='word_1_144' title='bbox 214 1560 253 1599; x_wconf 86' lang='lat' dir='ltr'><em>p.</em></span> <span class='ocrx_word' id='word_1_145' title='bbox 287 1548 380 1586; x_wconf 75' lang='lat'><strong>129.</strong></span> <span class='ocrx_word' id='word_1_146' title='bbox 440 1547 693 1586; x_wconf 81' lang='lat' dir='ltr'><strong>Sententiam</strong></span> <span class='ocrx_word' id='word_1_147' title='bbox 724 1549 804 1587; x_wconf 89' lang='lat' dir='ltr'><strong>loci</strong></span> <span class='ocrx_word' id='word_1_148' title='bbox 834 1551 1038 1602; x_wconf 82' lang='lat' dir='ltr'><strong>perspexit</strong></span> <span class='ocrx_word' id='word_1_149' title='bbox 1067 1551 1187 1590; x_wconf 86' lang='lat' dir='ltr'><strong>etiam</strong></span> <span class='ocrx_word' id='word_1_150' title='bbox 1202 1550 1423 1597; x_wconf 83' lang='lat' dir='ltr'><strong>Dobraeus‚</strong></span> <span class='ocrx_word' id='word_1_151' title='bbox 1453 1548 1522 1599; x_wconf 87' lang='lat' dir='ltr'><em>qui</em></span> <span class='ocrx_word' id='word_1_152' title='bbox 1549 1541 1663 1585; x_wconf 87' lang='grc' dir='ltr'><em>πάν-</em></span> 
     </span>
     <span class='ocr_line' id='line_1_20' title="bbox 213 1609 1664 1669; baseline 0.001 -16"><span class='ocrx_word' id='word_1_153' title='bbox 213 1627 280 1661; x_wconf 84' lang='grc' dir='ltr'><em>τες</em></span> <span class='ocrx_word' id='word_1_154' title='bbox 308 1621 491 1665; x_wconf 83' lang='lat' dir='ltr'><strong>servato,</strong></span> <span class='ocrx_word' id='word_1_155' title='bbox 521 1629 595 1668; x_wconf 90' lang='lat' dir='ltr'><em>pro</em></span> <span class='ocrx_word' id='word_1_156' title='bbox 626 1610 672 1653; x_wconf 74' lang='grc' dir='ltr'><em>οἵ</em></span> <span class='ocrx_word' id='word_1_157' title='bbox 697 1609 860 1669; x_wconf 81' lang='lat' dir='ltr'><strong>scripsit</strong></span> <span class='ocrx_word' id='word_1_158' title='bbox 888 1611 999 1659; x_wconf 83' lang='grc' dir='ltr'><em>ὅσοι.</em></span> <span class='ocrx_word' id='word_1_159' title='bbox 1057 1620 1140 1660; x_wconf 85' lang='lat' dir='ltr'><em>Sed</em></span> <span class='ocrx_word' id='word_1_160' title='bbox 1169 1619 1225 1658; x_wconf 86' lang='lat' dir='ltr'><em>ita</em></span> <span class='ocrx_word' id='word_1_161' title='bbox 1253 1618 1395 1658; x_wconf 81' lang='lat' dir='ltr'><strong>cadem</strong></span> <span class='ocrx_word' id='word_1_162' title='bbox 1422 1617 1664 1667; x_wconf 85' lang='lat' dir='ltr'><strong>relinquitur</strong></span> 
     </span>
    </p>
   </div>
   <div class='ocr_carea' id='block_1_7' title="bbox 215 1685 965 1796">
    <p class='ocr_par' dir='ltr' id='par_1_7' title="bbox 215 1685 965 1796">
     <span class='ocr_line' id='line_1_21' title="bbox 215 1685 469 1737; baseline 0 -13"><span class='ocrx_word' id='word_1_163' title='bbox 215 1685 469 1737; x_wconf 81' lang='lat' dir='ltr'><strong>ambiguitas.</strong></span> 
     </span>
     <span class='ocr_line' id='line_1_22' title="bbox 909 1756 965 1796; baseline 0.018 -1"><span class='ocrx_word' id='word_1_164' title='bbox 909 1756 965 1796; x_wconf 87' lang='lat'><em>11.</em></span> 
     </span>
    </p>
   </div>
   <div class='ocr_carea' id='block_1_8' title="bbox 435 1831 1390 1974">
    <p class='ocr_par' dir='ltr' id='par_1_8' title="bbox 435 1831 1390 1974">
     <span class='ocr_line' id='line_1_23' title="bbox 821 1831 1390 1891; baseline 0.002 -16"><span class='ocrx_word' id='word_1_165' title='bbox 821 1835 1028 1891; x_wconf 76' lang='grc' dir='ltr'><em>Τέτταρες</em></span> <span class='ocrx_word' id='word_1_166' title='bbox 1058 1831 1109 1875; x_wconf 82' lang='grc' dir='ltr'><em>δ’</em></span> <span class='ocrx_word' id='word_1_167' title='bbox 1140 1833 1390 1890; x_wconf 77' lang='grc' dir='ltr'><em>αὐλητρίδες</em></span> 
     </span>
     <span class='ocr_line' id='line_1_24' title="bbox 435 1914 1315 1974; baseline 0.002 -17"><span class='ocrx_word' id='word_1_168' title='bbox 435 1914 581 1971; x_wconf 78' lang='grc' dir='ltr'><em>ἔχουσι</em></span> <span class='ocrx_word' id='word_1_169' title='bbox 609 1915 782 1970; x_wconf 74' lang='grc' dir='ltr'><em>μισθὸν</em></span> <span class='ocrx_word' id='word_1_170' title='bbox 810 1919 883 1959; x_wconf 85' lang='grc' dir='ltr'><em>καὶ</em></span> <span class='ocrx_word' id='word_1_171' title='bbox 911 1916 1109 1974; x_wconf 79' lang='grc' dir='ltr'><em>μάγειροι</em></span> <span class='ocrx_word' id='word_1_172' title='bbox 1138 1916 1315 1970; x_wconf 77' lang='grc' dir='ltr'><em>δώδεκα,</em></span> 
     </span>
    </p>
   </div>
   <div class='ocr_carea' id='block_1_9' title="bbox 434 1997 1441 2057">
    <p class='ocr_par' dir='ltr' id='par_1_9' title="bbox 434 1997 1441 2057">
     <span class='ocr_line' id='line_1_25' title="bbox 434 1997 1441 2057; baseline 0.005 -17"><span class='ocrx_word' id='word_1_173' title='bbox 434 2001 507 2041; x_wconf 84' lang='grc' dir='ltr'><em>καὶ</em></span> <span class='ocrx_word' id='word_1_174' title='bbox 537 2001 792 2057; x_wconf 86' lang='grc' dir='ltr'><em>δημιουργοὶ</em></span> <span class='ocrx_word' id='word_1_175' title='bbox 820 2002 992 2055; x_wconf 81' lang='grc' dir='ltr'><em>μέλιτος</em></span> <span class='ocrx_word' id='word_1_176' title='bbox 1020 1997 1228 2043; x_wconf 78' lang='grc' dir='ltr'><em>αἰτοῦσαι</em></span> <span class='ocrx_word' id='word_1_177' title='bbox 1256 1998 1441 2056; x_wconf 65' lang='grc' dir='ltr'><em>σκάφας.</em></span> 
     </span>
    </p>
   </div>
   <div class='ocr_carea' id='block_1_10' title="bbox 210 2106 1689 2509">
    <p class='ocr_par' dir='ltr' id='par_1_10' title="bbox 210 2106 1689 2509">
     <span class='ocr_line' id='line_1_26' title="bbox 324 2106 1659 2169; baseline 0.001 -17"><span class='ocrx_word' id='word_1_178' title='bbox 324 2112 558 2153; x_wconf 83' lang='lat' dir='ltr'><strong>Athenaeus</strong></span> <span class='ocrx_word' id='word_1_179' title='bbox 602 2114 658 2156; x_wconf 87' lang='lat' dir='ltr'><em>lv</em></span> <span class='ocrx_word' id='word_1_180' title='bbox 700 2127 741 2167; x_wconf 86' lang='lat' dir='ltr'><em>p.</em></span> <span class='ocrx_word' id='word_1_181' title='bbox 773 2115 854 2155; x_wconf 76' lang='lat'><em>172</em></span> <span class='ocrx_word' id='word_1_182' title='bbox 871 2128 916 2155; x_wconf 91' lang='lat' dir='ltr'><em>c:</em></span> <span class='ocrx_word' id='word_1_183' title='bbox 974 2106 1043 2154; x_wconf 81' lang='grc' dir='ltr'><em>ὅτι</em></span> <span class='ocrx_word' id='word_1_184' title='bbox 1092 2112 1138 2153; x_wconf 81' lang='grc' dir='ltr'><em>δὲ</em></span> <span class='ocrx_word' id='word_1_185' title='bbox 1189 2109 1438 2169; x_wconf 74' lang='grc' dir='ltr'><em>ἐκεχώριστο</em></span> <span class='ocrx_word' id='word_1_186' title='bbox 1484 2109 1538 2153; x_wconf 78' lang='grc' dir='ltr'><em>τά</em></span> <span class='ocrx_word' id='word_1_187' title='bbox 1585 2112 1659 2164; x_wconf 76' lang='grc' dir='ltr'><em>τῆς</em></span> 
     </span>
     <span class='ocr_line' id='line_1_27' title="bbox 211 2175 1658 2238; baseline 0.003 -21"><span class='ocrx_word' id='word_1_188' title='bbox 211 2175 461 2233; x_wconf 82' lang='grc' dir='ltr'><em>ὑπουργίας,</em></span> <span class='ocrx_word' id='word_1_189' title='bbox 524 2177 761 2235; x_wconf 68' lang='grc' dir='ltr'><em>πεμμάτων</em></span> <span class='ocrx_word' id='word_1_190' title='bbox 801 2184 881 2236; x_wconf 77' lang='grc' dir='ltr'><em>μὲν</em></span> <span class='ocrx_word' id='word_1_191' title='bbox 925 2181 1205 2238; x_wconf 75' lang='grc' dir='ltr'><em>προνοουσῶν</em></span> <span class='ocrx_word' id='word_1_192' title='bbox 1246 2181 1331 2222; x_wconf 80' lang='grc' dir='ltr'><em>τῶν</em></span> <span class='ocrx_word' id='word_1_193' title='bbox 1373 2180 1658 2237; x_wconf 76' lang='grc' dir='ltr'><em>δημιουργῶν,</em></span> 
     </span>
     <span class='ocr_line' id='line_1_28' title="bbox 210 2244 1689 2306; baseline 0.003 -19"><span class='ocrx_word' id='word_1_194' title='bbox 210 2244 503 2301; x_wconf 78' lang='grc' dir='ltr'><em>ὀψαρτυτικῆς</em></span> <span class='ocrx_word' id='word_1_195' title='bbox 542 2249 587 2288; x_wconf 74' lang='grc' dir='ltr'><em>δὲ</em></span> <span class='ocrx_word' id='word_1_196' title='bbox 626 2249 710 2290; x_wconf 78' lang='grc' dir='ltr'><em>τῶν</em></span> <span class='ocrx_word' id='word_1_197' title='bbox 747 2250 977 2306; x_wconf 66' lang='grc' dir='ltr'><em>μαγείρων,</em></span> <span class='ocrx_word' id='word_1_198' title='bbox 1017 2246 1286 2306; x_wconf 81' lang='grc' dir='ltr'><em>Ἀντιφάνης</em></span> <span class='ocrx_word' id='word_1_199' title='bbox 1314 2247 1579 2305; x_wconf 67' lang='grc' dir='ltr'><em>διεσάφησεν</em></span> <span class='ocrx_word' id='word_1_200' title='bbox 1613 2245 1689 2303; x_wconf 23' lang='grc' dir='ltr'><em>ἐν,Δ</em></span> 
     </span>
     <span class='ocr_line' id='line_1_29' title="bbox 214 2312 1658 2375; baseline 0.004 -19"><span class='ocrx_word' id='word_1_201' title='bbox 214 2316 403 2370; x_wconf 82' lang='grc' dir='ltr'><em>Χρυσίδι</em></span> <span class='ocrx_word' id='word_1_202' title='bbox 440 2312 574 2366; x_wconf 79' lang='grc' dir='ltr'><em>οὕτως</em></span> <span class='ocrx_word' id='word_1_203' title='bbox 619 2319 827 2375; x_wconf 78' lang='grc' dir='ltr'><em>Τέτταρες</em></span> <span class='ocrx_word' id='word_1_204' title='bbox 873 2318 921 2360; x_wconf 82' lang='grc' dir='ltr'><em>δ’</em></span> <span class='ocrx_word' id='word_1_205' title='bbox 959 2318 1210 2375; x_wconf 81' lang='grc' dir='ltr'><em>αὐλητρίδες</em></span> <span class='ocrx_word' id='word_1_206' title='bbox 1250 2319 1342 2363; x_wconf 84' lang='grc' dir='ltr'><em>κτλ.</em></span> <span class='ocrx_word' id='word_1_207' title='bbox 1408 2322 1658 2367; x_wconf 79' lang='lat' dir='ltr'><strong>Describitur</strong></span> 
     </span>
     <span class='ocr_line' id='line_1_30' title="bbox 210 2377 1656 2441; baseline 0.005 -16"><span class='ocrx_word' id='word_1_208' title='bbox 210 2388 439 2439; x_wconf 83' lang='lat' dir='ltr'><strong>nuptiarum</strong></span> <span class='ocrx_word' id='word_1_209' title='bbox 482 2393 712 2441; x_wconf 83' lang='lat' dir='ltr'><strong>apparatus.</strong></span> <span class='ocrx_word' id='word_1_210' title='bbox 782 2392 968 2432; x_wconf 83' lang='lat' dir='ltr'><strong>Tertium</strong></span> <span class='ocrx_word' id='word_1_211' title='bbox 997 2404 1160 2433; x_wconf 78' lang='lat' dir='ltr'><strong>versum</strong></span> <span class='ocrx_word' id='word_1_212' title='bbox 1190 2391 1311 2431; x_wconf 82' lang='lat' dir='ltr'><strong>affert</strong></span> <span class='ocrx_word' id='word_1_213' title='bbox 1336 2377 1576 2432; x_wconf 78' lang='lat' dir='ltr'><strong>Eustathius</strong></span> <span class='ocrx_word' id='word_1_214' title='bbox 1604 2392 1656 2432; x_wconf 78' lang='lat' dir='ltr'><em>ad</em></span> 
     </span>
     <span class='ocr_line' id='line_1_31' title="bbox 211 2456 666 2509; baseline 0.009 -16"><span class='ocrx_word' id='word_1_215' title='bbox 211 2456 358 2507; x_wconf 81' lang='lat' dir='ltr'><strong>Odyss.</strong></span> <span class='ocrx_word' id='word_1_216' title='bbox 387 2471 427 2509; x_wconf 85' lang='lat' dir='ltr'><em>p.</em></span> <span class='ocrx_word' id='word_1_217' title='bbox 461 2459 570 2498; x_wconf 83' lang='lat'>1858</span> <span class='ocrx_word' id='word_1_218' title='bbox 598 2458 666 2498; x_wconf 84' lang='lat'><em>53.</em></span> 
     </span>
    </p>
   </div>
  </div>
 </body>
</html>
