1702 3158
169 166 254 207 414
763 163 1020 204 Ahmxlms

172 271 326 329 τανιίῳ
365 270 538 323 σίτησιν
569 300 618 307 -
648 267 676 321 ἢ
705 268 754 311 τὸ
785 270 965 322 ποιῆσαι
995 270 1174 321 πολίτας
1203 270 1311 327 ὑμᾶς
1346 274 1615 329 Χαιρέφιλον

171 344 244 384 καὶ
278 340 478 383 Φείδωνα
505 341 578 381 καὶ
607 337 848 395 Πάμφιλον
885 342 960 382 καὶ
991 341 1227 385 Φίλιππον.
1293 347 1407 397 Quae
1435 347 1615 387 Alexidis

171 414 261 453 loco
301 413 454 465 primus
484 412 661 451 admovit
690 412 770 452 Th.
799 414 999 465 Bergkius
1030 415 1158 465 Epist.
1198 414 1249 452 ad
1279 414 1421 454 Schill.
1452 428 1490 467 p.
1520 416 1614 456 156.

170 483 241 524 Vs.
260 484 281 521 l
309 476 588 529 Ἀθηναίους
612 482 792 534 pendere
821 482 982 522 videtur
1011 496 1033 522 a
1064 484 1356 534 superioribus,
1386 496 1489 535 quae
1517 485 1616 523 scri-

170 555 265 604 ptor
293 552 449 599 omisit,
487 563 524 590 v.
555 563 590 590 c.
622 548 757 603 δῆμος
786 548 974 600 ἐποίησε.
1042 552 1195 592 Sensus
1224 553 1327 591 enim
1357 553 1468 592 haud
1497 553 1618 593 dubie

171 626 257 668 est,
302 621 497 672 populum
535 620 796 673 Chaerephili
838 623 946 662 filios
984 621 1135 660 civitati
1173 621 1465 673 adscripsisse,
1509 622 1618 674 quod

170 690 410 729 salsamenta
454 690 773 741 importaverint.
844 693 904 731 Ac
942 691 1116 731 fortasse
1153 691 1313 742 scripsit
1348 692 1483 730 Alexis
1520 686 1618 737 τούς

172 754 446 811 Χαιρεφίλου
476 755 526 795 δ’
560 755 734 807 ἐποίησ’
761 755 1052 808 Ἀθηναίους.
1098 785 1151 792 —
1196 761 1265 800 Vs.
1296 761 1322 799 2
1361 761 1495 800 malim
1526 755 1617 799 εἰσ-

169 822 346 879 ἡγαγον.
390 852 444 860 —
492 829 561 868 Vs.
593 829 618 867 3
648 827 718 866 ἐπὶ
748 827 833 866 τῶν
862 822 1018 867 ἵππων.
1082 830 1192 868 Hinc
1219 829 1473 882 intellegitur
1504 831 1617 882 equi-

169 902 254 936 tum
286 897 417 936 ordini
447 897 672 949 adscriptos
700 897 827 937 fuisse
859 898 1121 950 Chaerephili
1152 898 1281 946 filios,
1313 899 1447 949 quode
1477 900 1617 939 admo-

171 967 260 1006 nuit
290 967 407 1006 etiam
438 966 596 1006 Petitus
626 967 802 1006 Miscell.
834 969 869 1008 V
899 969 937 1007 6.
978 968 1184 1007 Scombris
1214 968 1477 1019 Chaerephili
1506 969 1614 1007 filios

170 1035 417 1087 comparavit
434 1035 638 1074 Timocles
656 1036 697 1075 in
719 1036 858 1075 fabula
884 1030 1063 1088 Ἰκάριοι
1093 1032 1270 1087 σάτυροι
1298 1038 1362 1075 vel
1384 1031 1563 1089 Ἰκάριοι
1588 1031 1618 1084 ἢ

170 1099 345 1156 σάτυροι
376 1104 568 1156 inscripta
598 1105 703 1156 apud
735 1106 884 1145 Athen.
915 1105 1013 1145 Vlll
1042 1118 1082 1156 p.
1113 1105 1194 1143 339
1212 1105 1258 1143 d:
1301 1099 1466 1142 ὁπόταν
1498 1104 1617 1144 Χαι-

170 1169 348 1224 ρεᾳὶλου
392 1170 491 1218 τοὺς
535 1168 611 1211 δύο
663 1169 905 1225 σκόμβρους
961 1169 1105 1226 ξενίσῃ
1157 1168 1366 1224 μεγάλους
1416 1169 1618 1225 ἡδομένη.

171 1244 285 1293 Quae
313 1254 381 1282 res
411 1244 536 1282 movit
567 1244 786 1295 Bergkium
825 1244 850 1283 l.
881 1244 908 1282 l.
949 1248 992 1282 ut
1031 1243 1135 1282 hanc
1171 1243 1297 1294 ipsam
1327 1242 1521 1282 Timoclis
1556 1241 1619 1282 fa-

170 1312 305 1352 bulam
335 1312 384 1351 ab
407 1313 577 1352 Alexide
606 1313 720 1352 citari
751 1319 791 1352 et
820 1311 865 1351 ἐν
893 1311 981 1358 τοῖς
996 1307 1210 1364 Σατύροις
1240 1312 1497 1352 scribendum
1528 1323 1620 1352 esse
1678 1351 1680 1354 ,

171 1382 432 1421 existimaret.
499 1382 605 1420 Mihi
644 1395 783 1434 parum
824 1382 1018 1421 credibile
1058 1382 1218 1421 videtur
1247 1380 1388 1422 Alexin
1427 1385 1619 1432 tanquam
1697 1383 1702 1385 ’

170 1450 476 1503 grammaticum
505 1451 633 1502 ipsam
662 1451 855 1499 fabulam,
885 1451 926 1491 in
957 1464 1034 1503 qua
1062 1451 1105 1490 id
1134 1451 1290 1490 dixerat
1313 1450 1535 1499 Timocles,
1565 1449 1618 1490 ad

170 1524 306 1573 partes
351 1532 531 1559 vocasse.
597 1520 738 1572 ltaque
775 1521 959 1572 suspicor
1005 1532 1099 1560 eum
1140 1519 1191 1560 ad
1228 1519 1350 1560 alium
1387 1518 1472 1559 sive
1510 1518 1619 1559 eius-

170 1589 264 1629 dem
293 1590 379 1629 sive
408 1590 510 1629 alius
538 1589 702 1629 fabulae
728 1590 862 1629 locum
891 1589 1140 1641 respexisse,
1168 1589 1210 1628 iu
1240 1600 1320 1640 quo
1350 1587 1615 1640 Chaerephili

169 1659 277 1698 filios
314 1652 558 1711 σκόμβρους
596 1655 642 1696 ἐν
681 1658 769 1706 τοῖς
797 1653 999 1710 σατύροις
1029 1647 1139 1696 εἶναι
1176 1658 1353 1706 dixerat,
1388 1657 1474 1697 sive
1508 1657 1620 1709 ipsos

171 1729 344 1780 equites,
374 1740 547 1779 quorum
579 1727 710 1768 ordini
739 1728 1001 1780 Chaerephili
1029 1727 1102 1766 filii
1132 1727 1325 1778 adscripti
1363 1731 1505 1775 erant,
1545 1725 1619 1765 Sa-

170 1802 283 1849 tyros
320 1797 558 1850 appellavst,
601 1797 687 1837 sive
725 1798 994 1850 proverbialis
1022 1797 1102 1836 fuit
1131 1796 1292 1836 dicendi
1321 1795 1452 1835 forma
1480 1789 1616 1846 σκόμ-

171 1866 274 1919 βρος
301 1864 347 1904 ἐν
375 1861 607 1919 σατύροις,
643 1867 706 1906 cui
735 1867 868 1906 simile
899 1871 960 1906 est
987 1865 1246 1918 proverbium
1276 1860 1374 1910 ὄνος
1403 1862 1448 1903 ἐν
1477 1858 1618 1913 πιθή-

169 1948 259 1982 κοις
288 1936 395 1988 apud
427 1934 698 1976 Menandrum
729 1935 842 1976 Ploc.
875 1936 891 1974 1
921 1936 948 1974 8
979 1940 1020 1975 et
1046 1935 1089 1974 in
1120 1934 1239 1974 Prov.
1271 1934 1394 1974 Coisl.
1424 1934 1521 1973 370.

587 2175 1199 2220 ΕΠΙΚΛΗΡΟΣ.

872 2292 906 2331 1.

376 2366 533 2421 ’Ὅστις
563 2369 757 2428 ἀγοράζει
787 2370 954 2427 πτωχὸς
981 2369 1042 2414 ὢν
1072 2370 1189 2427 ὄψον
1217 2370 1342 2422 πολύ,

383 2453 680 2512 ἀπορούμενός
710 2470 752 2496 τε
783 2453 919 2496 τᾶλλα
950 2456 1057 2511 πρὸς
1087 2452 1207 2497 τοῦτ’
1241 2452 1423 2508 εὐπορεῖ,

382 2539 459 2589 τῆς
489 2539 641 2589 νυκτὸς
669 2531 795 2588 οὗτος
825 2538 924 2588 τοὺς
952 2538 1237 2587 ἀπαντῶντας
1266 2539 1384 2579 ποιεῖ

383 2622 568 2676 γυμνοὺς
598 2617 809 2672 ἅπαντας.
865 2613 947 2664 εἶτ’
980 2620 1090 2664 ἐπάν
1117 2638 1181 2671 τις
1210 2620 1392 2680 ἐκδυθῇ,

326 2706 354 2746 5
384 2708 527 2762 τηρεῖν
557 2706 699 2749 ἕωθεν
724 2705 863 2756 εὐθὺς
891 2706 937 2747 ἐν
967 2708 1055 2756 τοῖς
1085 2702 1289 2762 ἰχθύσι-ν·
