1656 3146
606 77 911 122 TlMOGLES.

27 198 164 240 natum
194 191 318 234 effert
347 192 476 235 alius:
506 192 641 235 Niobe
671 192 883 246 lugentem
911 193 1037 239 levat.

29 266 138 308 dolet
165 263 233 305 hic
260 277 307 306 se
336 264 552 306 claudum:
582 264 657 306 sed
690 264 966 306 Philoctetem
995 262 1121 306 videt.

28 336 150 380 miser
175 334 216 375 in
245 339 413 376 senecta
442 340 528 376 eat:
558 335 743 377 intuetur
774 336 978 377 Oeneum.

32 408 87 450 tt·
114 406 301 459 quisque,
332 407 429 447 dum
459 407 650 448 evenisse
680 407 857 447 maiores
887 406 975 447 suis

29 476 123 521 olim
151 477 239 518 aliis
269 478 522 519 calamitates
551 489 691 517 secum
722 477 889 530 cogitat,

29 548 158 595 animo
189 549 386 602 aequiore
415 548 499 590 fert
527 547 723 589 fortunae
751 548 935 589 iniurias.

419 757 1104 805 APAKONTION.

29 838 158 906 Egou'
188 850 367 904 parasito
398 849 599 904 quispiam
628 853 675 891 ut
703 849 814 890 dicat
841 848 951 889 male

30 923 269 978 perpetiar?
298 922 465 963 minime
495 934 608 963 vero.
668 932 762 961 nam
789 919 949 960 nullum
980 922 1044 960 est
1072 931 1207 974 genus

27 993 234 1037 hominum
265 993 376 1046 quod
406 994 546 1047 plures
575 992 628 1032 de
656 1003 702 1031 ae
733 990 934 1030 utilitates
963 995 1093 1032 creet.

30 1056 66 1107 si
88 1076 156 1105 res
185 1063 360 1105 honesta
390 1068 454 1104 est
483 1062 691 1104 consortio
722 1061 941 1111 sodalium,

29 1135 271 1191 praecipuus
302 1136 373 1176 ille
404 1139 468 1176 est
496 1146 661 1188 semper
689 1133 870 1186 parasito
899 1132 1032 1174 labor.

27 1206 62 1248 ai
88 1219 212 1257 amas,
242 1206 392 1247 amoris
422 1207 579 1247 socium
609 1217 657 1246 se
685 1204 872 1258 adiungit
902 1203 990 1244 tibi.

28 1270 93 1325 aas
120 1282 183 1318 est
212 1278 403 1331 agenda?
431 1283 591 1330 partem
619 1276 662 1316 in
693 1288 740 1316 se
770 1288 925 1329 operae
954 1273 1140 1328 suscipit,

59 1339 169 1390 'beri
198 1348 279 1389 hoc
309 1348 483 1389 credens
515 1346 728 1387 educatori
757 1359 848 1387 suo.

31 1343 213 1491 {dator
242 1420 466 1467 amicorum
499 1425 562 1459 est
590 1417 939 1471 incomparabilis.

28 1486 115 1542 aed,
141 1490 290 1544 inquis,
317 1490 427 1531 idem
457 1496 604 1530 coenat
634 1490 790 1542 absque
819 1487 1044 1542 impendio.

28 1564 71 1603 at
97 1561 187 1614 quis
217 1573 300 1602 non
331 1560 544 1602 homiuum
575 1561 723 1609 dicam,
754 1560 830 1600 sed
858 1571 1057 1614 superum
1085 1559 1234 1610 Deum,

29 1622 99 1691 aut
130 1633 354 1674 Semouum
385 1633 524 1684 etiam,
552 1644 684 1686 genus
713 1631 796 1672 hoc
826 1631 989 1683 vivendi
1017 1629 1256 1685 improbet?

26 1691 55 1751 J
103 1716 156 1744 ne
186 1703 295 1744 diem
325 1703 484 1756 prolixa
514 1702 689 1744 dicendo
720 1706 866 1752 teram,
1222 1710 1225 1713 ⁴

28 1714 156 1821 gnum
186 1778 473 1827 argumentum
503 1774 623 1823 dabo,
653 1774 728 1814 sed
758 1774 868 1828 quod
899 1774 952 1814 sit
983 1773 1217 1822 maximum,

33 1819 299 1904 §praeitorum
328 1846 439 1887 unde
468 1845 724 1898 intelligatur
755 1845 948 1899 dignitas.

1 1926 4 1931 ’
33 1906 188 1958 ffitutis
217 1929 316 1970 ergo
348 1929 452 1970 quae
481 1916 674 1966 ludorum
707 1917 970 1970 Olympicum

0 1964 207 2059 'lvictores
237 1987 381 2028 eadem
411 1991 453 2027 et
482 1987 544 2027 illi
573 1987 780 2040 accipiunt
809 1989 1007 2040 praemia.

0 2062 14 2108 ῑὶ
36 2061 152 2124 ique
181 2059 292 2108 hinc,
321 2058 556 2110 ubicunque
586 2070 714 2098 vacua
743 2062 880 2099 sumtu
911 2058 1105 2098 alimonia
1135 2062 1212 2108 eat,

11 2123 85 2203 {n
109 2142 251 2173 omnes
282 2130 405 2184 vulgo
437 2129 643 2186 Prytanea
672 2129 884 2188 appellant
914 2130 1020 2171 loca.

323 2316 1218 2364 ΕΠΙΧΑΙΡΕΚΑΚΟΣ.

9 2423 13 2463 ς
39 2403 186 2448 Forum
214 2406 355 2447 videre
381 2406 549 2459 plenum
580 2406 761 2459 egregiis
790 2406 983 2458 piscibus,

10 2486 13 2516 ῑ
41 2473 112 2516 diti
137 2476 336 2530 voluptas,
367 2489 466 2518 crux
496 2481 558 2517 est
588 2490 744 2521 summa
774 2478 963 2530 pauperi.

10 2561 14 2587 ι
41 2557 130 2591 mm
158 2548 358 2603 Corydus,
389 2560 512 2600 quem
542 2561 652 2588 nunc
682 2561 819 2597 nemo,
856 2550 967 2601 quod
1000 2548 1174 2597 videam,
1206 2549 1338 2596 vocat,

10 2614 159 2660 miser
188 2618 269 2659 iam
297 2619 404 2659 tristi
433 2620 601 2673 vapulat
631 2620 907 2660 domicoenio.

10 2674 212 2734 ridicula
239 2702 307 2731 res
339 2690 491 2742 evenit,
550 2703 642 2733 cum
674 2690 767 2745 plus
798 2694 992 2745 quattuor

1413 78 1499 122 718
