1702 3158
278 132 412 178 ΠΛΟ
423 131 585 176 ῩΤΟΣ
617 158 675 168 ·--
720 132 809 176 ΨΕ
814 132 882 176 ΥΛ
887 130 968 175 ΟΣ
971 131 1034 175 TI
1036 131 1184 175 ΓΜΑ
1190 131 1354 175 ΤΙΑΣ.
1466 135 1552 179 ΞΒἿ

490 300 1143 348 ΠΛΟΥΤΟΣ.

193 418 434 460 Athenaeus
462 419 521 462 VI
550 433 590 474 p.
621 420 704 461 247
721 432 759 460 e.
801 418 854 458 de
882 416 1051 471 parasiti
1080 417 1262 471 partibus
1298 416 1342 457 in
1373 419 1552 462 comico-

81 502 173 531 rum
204 490 354 531 fahulis
383 503 533 544 agens:
568 488 642 530 καὶ
675 484 853 538 ''Ake-§cc
888 485 935 528 ἐν
967 483 1146 544 Ὀρέστῃ
1174 480 1479 544 Νικόστρατός
1506 503 1552 530 τε

82 558 129 600 ἐν
159 556 357 616 Πλούτῳ.

540 723 1088 779 ΣΥΡΟΣ.*)

436 844 766 904 Κηφισόδωρον
795 846 848 889 οὐ
874 845 1016 895 κακῶς
1041 844 1107 901 μά
1134 845 1214 888 ’τὸν
1241 845 1328 889 Δία

162 926 241 971 τὸν
269 927 437 973 πλάνον
467 933 582 988 φασὶ
612 932 838 975 στενωπὸν
865 927 925 982 εἰς
954 928 1111 973 στενὸν
1140 930 1306 983 στῆσαί
1333 947 1459 1002 τινας

162 1011 402 1068 ἀγκαλίδας
431 1014 623 1072 ἔχοντας,
650 1010 764 1060 ὥστε
791 1015 852 1074 μὴ
884 1015 1129 1074 παρελθεῖν
1156 1016 1344 1071 μηδένα.

193 1118 433 1160 Athenaeus
461 1120 561 1163 XIV
589 1135 630 1175 p.
662 1122 746 1162 615
759 1122 782 1161 f
788 1138 800 1163 ε
829 1114 1092 1174 μνημονεύει
1124 1117 1151 1158 δ
1162 1116 1174 1130 ³
1207 1116 1347 1162 αὐτοῦ
1375 1125 1550 1181 (Cephi-

82 1188 278 1230 sodorum
308 1203 490 1232 scurram
520 1192 640 1243 dicit)
670 1192 746 1233 καὶ
774 1188 1080 1246 Νικόστρατος
1110 1188 1156 1231 ἐν
1184 1188 1313 1249 Σύρῳ
1344 1193 1551 1252 Κηφισό-

81 1255 224 1313 δωρον
247 1258 340 1301 κτλ.

545 1412 1087 1458 ΤΟΚΙΣΤΗΣ.

188 1523 610 1583 Καταλαμβάνομεν
638 1526 717 1570 τὸν
745 1525 1050 1583 πορνοβοσκὸν
1076 1529 1153 1570 καὶ
1183 1526 1262 1571 δύο

185 1609 353 1667 ἑτέρους
381 1610 511 1653 κατὰ·
518 1610 663 1669 χειρὸς
691 1609 850 1669 ἀρτίως
879 1608 1117 1670 εἰληφότας

183 1696 259 1737 καὶ
289 1696 522 1752 στέφανον.
581 1698 639 1743 B.
669 1688 767 1741 εἶεν,
825 1696 957 1747 καλὸς
987 1695 1012 1739 ὁ
1040 1697 1204 1755 καιρός,
1235 1700 1488 1757 Χαιρεφῶν.

184 1800 423 1843 Athenaeus
463 1803 540 1845 XV
578 1816 619 1856 p.
655 1802 738 1843 685
755 1816 803 1843 e:
850 1799 980 1842 τοῦτο
1020 1797 1070 1842 δ’
1102 1792 1158 1853 ἦν
1196 1800 1307 1857 ἔθος
1342 1805 1430 1855 (se.
1469 1800 1549 1845 τὸν

62 1868 295 1925 στέφανον
333 1868 471 1927 ἀρχὴν
510 1871 745 1914 ποιεῖσθαι
782 1870 860 1923 τῆς
899 1867 1102 1926 εὐωχίας)
1138 1873 1214 1914 καὶ
1254 1868 1364 1930 παρ’
1404 1868 1548 1928 Αἰγυ-

72 1936 230 1993 πτίοις,
257 1938 315 1991 ὥς
344 1939 647 1999 Νικόστρατός
676 1956 817 1999 φησιν
844 1942 890 1983 ἐν
925 1941 1129 2002 Τοκιστῇ.
1185 1938 1436 1998 Αἰγύπτιον
1463 1943 1548 2002 γὰρ

76 2006 431 2068 ὑποστησάμενος
461 2010 538 2053 τὸν
567 2011 773 2066 τοκιστήν
802 2027 913 2069 φησι
946 2012 1371 2071 Καταλαμβάνομεν
1397 2014 1489 2056 κτλ.

446 2214 633 2258 ΨΕῩΔ
650 2213 737 2257 ΟΣ
749 2216 818 2258 Τ]
831 2216 981 2259 ΓΜΑ
994 2215 1174 2259 ΤΙΑΣ.

880 2354 884 2359 ·
914 2331 1011 2372 Καὶ
1041 2327 1097 2372 σύ
1124 2329 1208 2386 μέν

239 2409 322 2463 τὴν
349 2410 556 2467 δευτέραν
585 2410 801 2469 τράπεζαν
831 2413 1015 2472 εὐτρεπῆ
1044 2412 1174 2457 ποίει.

236 2492 461 2551 κόσμησον
488 2494 631 2548 αὐτὴν
661 2499 966 2550 παντοδαποῖς
994 2495 1288 2556 τραγήμασιν,

237 2577 394 2638 μύρον,
417 2579 676 2639 στεφάνους,
705 2582 967 2639 λιβανωτόν,
998 2580 1243 2641 αὐλητρίδα
1271 2582 1396 2638 λαβέ.

169 2721 200 2763 ’-)
223 2723 266 2759 v.
288 2724 377 2760 nist.
399 2728 477 2763 crit.
500 2741 534 2774 p.
559 2729 641 2765 349.
