1702 3158
433 130 476 171 Ε
480 129 556 170 PE
559 127 666 171 TPI
665 128 709 171 K
714 125 801 170 ΟΣ.
871 123 1145 168 ΗΣῙΟΝΗ.
1446 129 1531 171 417

0 280 1 284 ,
53 247 123 290 Vs.
155 247 182 286 2
220 240 333 284 ἀλλὰ
373 245 526 286 delevit
565 245 817 286 Dindorfius.
897 243 1032 283 Locus
1069 240 1248 282 fortasse
1286 243 1344 282 ita
1382 242 1528 286 distin-

51 317 265 371 guendus:
296 313 526 370 τευθίδες-ί
555 312 724 364 σπίναι,
755 309 896 366 βατίς,
928 311 1078 365 δῆμος,
1108 306 1265 365 ἀφύαι,
1293 309 1519 370 wedam}

47 381 277 439 e'vtepido’‚
308 383 432 426 ἄλλα.
505 388 524 408 *
596 388 614 407 *
686 381 763 432 τὰς
791 386 873 438 μὲν
901 381 1116 431 τευθίδας
1146 388 1223 424 etc.
1283 409 1336 417 —-
1395 386 1467 427 Vs.
1496 385 1525 426 5

48 455 246 497 λεπτοῖσι
275 471 348 511 pro
377 454 546 503 λεπτοῖς
563 457 998 509 Schweighaeuserus‚
1025 457 1094 508 qui
1122 451 1359 506 ἡδύσματα
1387 452 1527 495 λεπτοὶ

43 527 192 582 χλωρά
237 534 349 569 recte
394 529 689 580 interpretatur
738 527 1006 567 condimenta
1056 540 1108 566 ex·
1146 527 1284 567 herbis
1326 530 1523 568 minutim

48 601 240 654 concisi-⁴5,
271 601 415 652 quibus
445 599 557 640 cibos
588 600 709 652 coqui
739 599 909 639 condire
939 599 1140 639 solebant.
1202 600 1251 642 V.
1281 599 1434 641 Athen.
1464 599 1523 642 lv

47 684 89 724 p.
126 672 207 711 170
222 683 259 710 a.

325 834 549 878 ΕΡΙΘΟΙ.
644 837 702 878 Η
734 837 843 879 ΕΙΣ
884 836 962 879 ΤΟ
1005 837 1231 879 ΦΡΕΑΡ.

155 951 259 994 Vide
288 951 329 991 in
362 950 587 1005 Παννυχὶς
617 946 646 1001 ἢ
667 946 857 1008 ’Έριθ-οι
889 957 931 992 et
961 944 1038 999 Εἷς
1068 948 1119 991 τὸ
1149 950 1304 1007 ᾳρέαρ.

501 1197 1051 1239 [ΙΣΙΟΝΗ.

760 1312 790 1351 Ι.

607 1391 846 1449 Γενόμὲνος
881 1391 930 1435 δ’
967 1393 1116 1444 ἔννους
1145 1392 1272 1451 μόλις

258 1476 391 1537 ᾔτησε
420 1474 585 1533 κύλικα,
618 1481 691 1521 καὶ
722 1479 874 1534 λαβών
903 1479 999 1532 ἑξῆς
1029 1479 1194 1531 πυκνάς

259 1564 368 1606 ἕλκει
397 1565 643 1616 καταντλὲῑ,
672 1563 785 1607 κατά
815 1581 860 1607 τε
891 1566 971 1617 τὴν
1002 1565 1248 1622 παροιμίαν

259 1646 327 1690 ἀεί
357 1647 459 1690 ποτ’
490 1640 538 1691 εὗ
565 1653 646 1704 μὲν
676 1648 809 1701 ἀσκὸς
839 1642 886 1693 εὖ
918 1651 964 1693 δὲ
994 1651 1195 1701 θύλακος

260 1731 505 1791 ἄνθρωπός
534 1735 641 1779 ἐστι.

145 1839 384 1880 Athenaeus
413 1840 474 1881 XI
503 1854 544 1894 p.
575 1841 722 1881 470e:
752 1839 827 1880 καὶ
856 1835 1027 1895 μήποτε
1048 1836 1229 1892 ''Al-eges·
1257 1838 1304 1879 ἐν
1329 1834 1515 1896 Ἡσιόνῃ

33 1905 272 1966 θηρικλείῳ
311 1911 430 1951 ποιεῖ’
463 1908 541 1951 τὸν
580 1905 802 1965 (Ηρακλέα
842 1909 1028 1951 πίνοντα
1067 1905 1178 1952 ὅταν
1217 1906 1380 1951 οὑτωσὶ
1411 1909 1514 1966 λέγῃ

35 1979 79 2022 Γ
73 1976 274 2039 ἐνόμενος
304 1980 394 2022 κτλ.
455 1983 525 2024 Vs.
558 1984 581 2023 1
621 1983 745 2036 vulgo
774 1978 935 2030 (εὔνους.
984 1985 1015 2024 Β
1047 1979 1239 2030 εὔννους.
1285 1984 1318 2023 C
1349 1977 1513 2032 ἔννους,

35 2052 144 2104 quod
180 2053 418 2095 coniectura
457 2058 704 2106 assequutus
748 2060 836 2094 erat
874 2055 1087 2095 Bentleius
1130 2054 1296 2095 Phalar.
1334 2068 1375 2107 p.
1413 2055 1511 2095 123.

35 2121 211 2163 Videtur
240 2129 363 2176 poeta
392 2138 480 2165 rem
510 2126 568 2164 ita
599 2126 843 2175 instituisse,
873 2131 919 2165 ut
935 2126 1140 2166 Hercules
1171 2130 1266 2178 post
1295 2126 1512 2165 liberatam

35 2190 248 2233 Hesionen
279 2195 435 2236 viribus
466 2196 675 2236 exhaustis
704 2197 746 2236 in
778 2197 903 2236 animi
935 2197 1162 2248 deliquium
1191 2196 1407 2236 incideret.
1456 2220 1511 2227 —-

35 2261 105 2304 Vs.
124 2265 151 2304 2
180 2259 331 2304 κύλικα
362 2267 589 2316 Bentleius,
619 2268 810 2307 firmante
837 2268 884 2307 C.
914 2262 1050 2316 κύλην
1080 2268 1167 2308 VL-
1193 2262 1347 2316 κοίλην
1375 2259 1512 2315 κύλην

36 2332 172 2374 deleto
209 2332 359 2386 κοίλην
401 2338 448 2378 Ρ.
516 2339 670 2379 Earum
709 2338 936 2378 formarum
974 2340 1176 2391 perpetua
1214 2341 1277 2377 est
1315 2338 1355 2376 in
1395 2336 1511 2376 libris

36 2403 303 2458 confusio.-*)
371 2409 544 2449 Frustra
584 2403 719 2458 κύλην
755 2412 896 2456 tuetur
933 2409 1179 2450 Weickerus
1218 2408 1330 2448 Mus.
1371 2407 1509 2448 Rhen.

132 2549 163 2593 ‘)
186 2551 410 2588 Mimnermus
433 2554 601 2588 Athenaei
626 2556 675 2588 XI
699 2567 732 2599 p.
759 2556 830 2590 470
846 2557 865 2590 b
892 2555 1157 2598 (Schneidewin
1182 2557 1316 2590 Delect.
1341 2567 1375 2599 p.
1401 2555 1484 2596 16):

300 2611 362 2646 τὸν
387 2617 451 2657 μὲν
476 2615 543 2660 γὰρ
569 2617 603 2649 δι
593 2614 630 2648 ιὰ
654 2629 746 2659 κυμα
770 2618 864 2660 φέρει
887 2619 995 2649 noim
981 2614 1111 2661 ήρατος
1136 2614 1192 2650 niv
1188 2614 1215 2660 ἠ

353 2673 465 2716 κοίλη,
483 2667 686 2718 Ηφαίστου
705 2676 824 2720 χερσὶν
849 2676 1052 2719 ἐληλαμένη.

45 2722 112 2758 Ηίο
137 2723 241 2758 etiam
264 2727 466 2766 Eustathius
489 2745 552 2778 pro
577 2736 676 2778 κοίλη
701 2735 828 2770 citata
811 2733 910 2778 κύλη.
959 2735 1028 2769 Sed
1054 2746 1119 2769 nec
1143 2734 1241 2775 κοίλη
1267 2734 1411 2776 pro1te1
1433 2727 1513 2762 hia-

108 2794 275 2831 Comoed.
298 2799 389 2833 med.
1198 2793 1253 2833 27
