1656 3146
209 182 294 224 ⁶92
834 170 1048 215 Amxls.

673 306 675 309 ν
713 283 756 325 Β
779 283 832 326 ,Ρ
855 282 897 325 Ε
927 282 968 323 T
997 281 1038 322 T
1064 279 1094 321 I
1117 279 1176 322 A.

214 376 276 416 lta
303 373 385 414 vita
412 371 589 412 humana
622 375 698 420 est,
730 369 846 422 quasi
875 369 909 409 si
938 367 1055 408 ludas
1084 366 1264 407 tesseris.

214 457 294 484 non
324 443 450 482 habet
479 442 647 481 eosdem
678 452 844 492 semper
873 438 1003 478 iactus
1033 435 1135 484 alea,

215 526 292 554 nec
322 514 403 553 vita
431 511 629 551 formam:
659 511 790 550 varias
820 507 892 548 sed
923 506 1074 560 patitur
1101 505 1225 545 vices.

683 659 1210 709 ΓΑΛΑΤΕΙΑ.

217 754 357 794 Herus
387 762 502 791 meus
529 750 625 791 olim
656 751 785 790 literis
817 763 983 803 operam
1014 747 1126 788 dedit

218 823 457 863 adolescens
487 832 579 860 cum
610 824 732 870 esset,
763 824 805 860 et
834 819 1021 872 promisit
1051 815 1350 870 philosophum.

217 895 314 931 tunc
343 891 580 942 Cyrenaeus
609 889 719 930 forte
747 889 788 928 in
818 889 883 928 his
914 889 1015 927 locis
1047 886 1139 934 fuit,
1252 940 1255 941 ⁷

219 960 383 1003 nomine
412 959 657 1010 Aristippus,
687 954 843 1006 doctus,
869 956 1034 1008 ingenio
1064 954 1218 1002 valens,

221 1030 290 1081 qui
318 1028 440 1068 facile
470 1028 623 1079 primas
652 1027 783 1066 ferret
813 1023 955 1065 aetatis
985 1036 1098 1071 suae,

222 1099 296 1139 sed
324 1097 435 1137 idem
464 1097 562 1135 luxu
592 1097 715 1148 longe
745 1095 920 1134 anteiret
949 1096 1147 1133 caeteros.

223 1168 347 1208 herus
376 1166 445 1205 isti
473 1177 567 1205 sese
595 1166 637 1204 in
667 1163 921 1215 disciplinam
952 1160 1119 1201 tradidit

226 1237 321 1277 dato
352 1235 531 1274 talentoz
561 1239 682 1286 atque
713 1237 801 1273 arte
831 1233 882 1272 de
912 1230 1136 1284 sapientiae

226 1307 284 1346 nil
314 1304 484 1353 didicit,
513 1308 600 1344 arte
631 1305 683 1343 de
712 1304 882 1355 saporis,
912 1301 1144 1355 plurimum.

662 1416 1255 1484 ΛΑΚΤΥΛΙΟΣ

234 1535 289 1575 At
318 1544 455 1572 nonne
483 1530 610 1583 pestis
638 1528 814 1582 pessima
845 1530 907 1566 est
936 1525 1175 1566 mortalibus

233 1603 426 1650 ebrietas,
457 1604 581 1652 atque
611 1601 802 1639 damnum
833 1594 1215 1635 damnosissimum?

660 1760 1287 1806 ΔΗΜΗΤΡΙΟΣ.

238 1855 301 1895 Ex
330 1856 450 1906 parte
479 1852 573 1892 vino
603 1863 685 1891 non
713 1851 820 1891 male
851 1849 1150 1891 assimulaveris

237 1924 459 1963 humanum
489 1922 711 1973 ingenium.
770 1932 944 1971 namque
974 1921 1034 1959 uti
1065 1919 1200 1957 vinum
1230 1928 1393 1964 novum,

239 1993 296 2032 ita
323 1992 482 2031 iuvenis
512 1992 669 2030 animus
700 2002 802 2042 opus
833 1993 895 2029 est
922 1993 969 2028 ut
999 1987 1226 2036 deferbeat,

242 2065 284 2102 et
315 2061 596 2113 despumando
627 2060 748 2099 ducat
777 2058 1086 2111 aspritudinem.

242 2133 283 2171 at
310 2142 403 2170 mox
432 2130 501 2169 ubi
528 2130 598 2168 illa
628 2129 748 2168 nimia
777 2129 836 2168 vis
867 2127 1124 2175 abscesserit,

244 2202 286 2240 et
314 2211 418 2250 quae
447 2200 610 2238 natabat
637 2198 681 2238 in
711 2198 874 2237 sublimi
905 2197 1081 2237 amentia

246 2268 439 2309 exhausta
468 2268 608 2316 fuerit,
638 2270 802 2319 tem-pus
832 2266 1150 2312 est‘considere,

247 2341 293 2378 ut
321 2350 413 2377 sese
441 2337 644 2390 praebens
675 2336 862 2377 omnibus
893 2336 1114 2390 potabilem

246 2411 447 2460 perpetua
476 2408 635 2460 placeat
663 2405 830 2445 lenitate
859 2408 899 2447 in
930 2409 1154 2459 posterum.

746 2560 786 2600 E
836 2559 883 2600 A
937 2558 979 2598 E
1032 2556 1081 2597 N
1133 2555 1196 2596 H.

249 2647 489 2700 Quicunque
518 2650 673 2686 amator
700 2649 856 2685 tantum
886 2644 1030 2684 florem
1060 2652 1276 2693 corporum

249 2721 369 2764 amat,
399 2720 440 2755 et
469 2717 619 2756 amoris
649 2716 746 2755 alias
777 2726 918 2755 causas
947 2726 1026 2753 non
1058 2712 1196 2759 habet,
