1702 3158
409 133 598 178 ΑΥΓΗ
651 163 705 170 -—-
772 132 1192 179 ΓΑΝΥΜΗΔΗΣ.
1451 137 1539 176 213

52 266 181 308 agnos
211 267 234 294 a
262 253 445 294 convivis
471 252 691 293 devoratos
719 250 814 290 dici.
847 249 1116 290 casaubonus
1142 248 1386 288 coniiciebat
1412 260 1536 302 στερ-

53 320 151 373 νία,
193 323 304 376 quod
344 336 421 363 nee
458 324 595 376 ipsum
640 320 740 360 ferri
780 323 933 373 potest.
1008 319 1230 359 Probat-em
1275 318 1401 372 igitur
1441 333 1534 360 eum

53 395 449 447 Schweighaeusero
489 391 750 435 Valckenarii
789 391 1069 431 coniecturam
1107 383 1312 441 στα,ιινι”,
1373 391 1451 429 nisi
1491 391 1534 430 id

52 470 223 519 propter
253 463 413 518 φαγεῖν
440 475 561 503 versu
591 467 794 515 sequente
813 462 945 502 minus
964 460 1223 500 commodum
1251 465 1374 501 esset.
1428 462 1532 501 For-

53 540 163 576 tasse
194 529 375 590 πτερνία
405 534 667 574 scribendum
698 537 774 573 est.
832 557 887 564 —
949 532 1018 573 Vs·
1054 532 1105 570 10
1147 528 1189 568 εἴ
1225 543 1280 571 τι.
1342 532 1404 571 Ita
1434 532 1533 573 Val-

54 606 271 647 ckenarius
314 604 546 645 emendavit
590 604 788 643 librorum
832 602 1051 642 lectionem
1094 597 1200 642 ε’πεί.
1260 628 1314 634 -
1374 602 1450 643 νεῷ
1480 603 1532 642 12

54 671 187 716 τῶνδ’
219 669 440 728 ἁμαρτών.
500 676 531 714 Β
563 670 650 712 τῶν
679 668 746 712 δι’
779 668 1002 727 άμαρτῶν.
1063 672 1171 712 Tum
1212 667 1372 724 συχνὸν
1403 672 1531 712 dede-

52 751 149 787 runt
179 747 300 788 PVL.
346 755 488 796 συχνω
518 745 568 784 Α.
618 741 762 796 συχνῶ
791 745 838 784 Β.
900 744 979 783 Pro
1011 736 1202 797 δράμῃς,
1234 743 1346 794 quod
1378 743 1532 783 habent

51 819 138 866 VL,
168 812 365 869 δραχμῆς
392 814 592 866 praebent
622 814 742 854 ABP.
804 813 1032 852 proverbio
1064 807 1192 858 λύκος
1216 810 1361 865 χαίνει
1393 814 1446 853 de
1479 826 1530 853 eo

49 887 222 940 quispe
251 884 470 925 frustratus
504 887 568 923 est
598 883 726 923 utitur
756 883 878 922 etiam
911 882 1084 935 Eupliro
1116 883 1250 922 Fratr.
1282 883 1298 922 1
1331 883 1408 922 30:
1454 879 1534 921 τοῦ

50 955 133 1012 γὰρ
162 952 222 1008 μὴ
250 954 401 1008 χανεῖν
429 948 560 992 λύκον
590 950 792 1002 διακενῆς
822 948 877 992 σὺ
907 946 1044 1004 μόνος
1072 945 1255 1006 εὕρηκας
1288 951 1456 1005 τέχνην.

160 1028 383 1068 Praeterea
412 1026 531 1077 Auge
570 1023 711 1065 fabula
742 1024 892 1065 omisso
923 1024 1105 1064 auctoris
1136 1024 1305 1063 nomine
1334 1023 1528 1064 laudatur

49 1113 75 1145 a
106 1099 326 1141 scholiasta
356 1095 569 1149 Euripidis
599 1095 730 1137 Rhes.
760 1096 866 1136 406:
906 1089 1097 1146 ἄμυστιν
1134 1091 1176 1131 οἱ
1206 1094 1287 1145 μὲν
1317 1089 1530 1146 ποτηρίου

49 1161 164 1218 εἶδος
192 1160 522 1216 ἐπιτηδειότητα
547 1161 645 1218 ἔχον
675 1162 782 1220 πρὸς
803 1160 884 1212 τάς
900 1159 1066 1217 ἀμυστὶ
1085 1158 1321 1214 ndens-,vig
1337 1162 1385 1202 ἐν
1399 1158 1528 1219 Αὔγῃ

49 1236 160 1282 Σὺν
189 1236 258 1295 τῷ
285 1231 540 1290 βαθείας
577 1236 668 1276 καὶ
704 1231 943 1290 πυκνὰςΙ
975 1232 1205 1275 ἕλκουσι
1245 1230 1344 1281 τὰς
1384 1228 1529 1288 ἀμύ-

48 1307 258 1357 στιδας.
331 1308 393 1348 Ita
421 1307 531 1348 euim
563 1309 775 1348 verissime
806 1308 1071 1348 Hermannus
1103 1306 1281 1345 correxit
1311 1306 1421 1358 quod
1453 1319 1526 1346 eo-

50 1383 127 1424 dex
154 1381 280 1422 habet
307 1373 365 1426 ὥς
393 1375 439 1417 ἐν
467 1372 594 1434 αὐτῇ.
652 1379 736 1419 Sed
767 1378 942 1426 Eubuli,
981 1389 1032 1416 an
1066 1376 1274 1428 Philyllii,
1316 1390 1367 1417 an
1398 1377 1527 1429 ipsius

49 1453 227 1508 denique
256 1448 467 1503 Euripidis
497 1449 644 1502 Augen
675 1448 900 1491 scholiasta
929 1446 1183 1495 laudaverit,
1213 1447 1418 1488 incertum
1450 1451 1526 1488 est.

436 1650 789 1698 BEAAEPO
811 1652 854 1696 ‹l›
873 1653 1146 1697 ΟΝΤΗΣ.

279 1766 356 1819 Τίς
385 1764 441 1810 ἂν
470 1763 652 1821 λάβοιτο
682 1765 761 1808 τοῦ
789 1766 967 1817 σκέλους
995 1764 1175 1809 κάτωθέ
1203 1780 1303 1821 μοις

268 1851 360 1897 ἅνω
389 1850 472 1910 γὰρ
498 1846 644 1907 ὥσπερ
673 1848 930 1906 κοττάβειον
959 1852 1157 1909 αἴρομαι.

162 1943 401 1987 Athenaeus
430 1940 507 1982 XV
539 1953 579 1993 p.
610 1940 758 1980 666e:
799 1933 983 1979 ἐκάλουν
1008 1937 1054 1978 δὲ
1085 1937 1159 1978 καὶ
1188 1928 1431 1979 κατακτούς
1460 1943 1524 1972 τι-

54 2026 132 2063 νας
156 2009 411 2066 κοττάβους,
469 2006 563 2050 ἔστι
603 2007 648 2049 δὲ
686 2006 841 2062 λυχνία
879 2005 1132 2062 ἀναγόμενα
1176 2002 1310 2048 πάλιν
1338 2017 1381 2043 τε
1412 2016 1523 2056 συμ-

55 2082 282 2125 πίπτοντα.
342 2077 567 2134 Εὔβουλος
595 2076 930 2136 Βελλεροφόντῃ
966 2080 1044 2128 Τίς
1073 2076 1128 2119 ἄν
1158 2077 1248 2119 κτλ.
1305 2077 1412 2117 Sunt
1427 2074 1523 2114 Bel-

53 2155 305 2209 lerophontis
343 2153 467 2194 verba
499 2153 658 2205 Pegaso
688 2152 730 2192 in
762 2152 888 2192 altum
921 2152 1032 2195 elati.
1109 2152 1181 2193 Vs.
1214 2150 1233 2188 l
1282 2141 1399 2186 κάτω
1438 2142 1520 2184 θέ-

49 2238 176 2280 μενος
203 2227 251 2271 Β.
287 2218 414 2266 κάτω
431 2221 619 2277 θέμενοι
649 2223 696 2265 1²1.

453 2394 1090 2447 I'ANYMHAHE.

765 2484 798 2526 Ι.

320 2563 490 2619 “Υπνος
519 2565 658 2610 αὐτὸν
685 2563 794 2608 ὄντα
823 2561 1059 2607 κακόσιτον
1089 2561 1262 2619 τρέφει.-

167 2659 401 2703 Athenaeus
431 2663 488 2705 vl
517 2677 557 2716 p.
581 2662 665 2703 248
683 2674 726 2702 c:
756 2654 993 2699 κακοσίτου
1023 2653 1069 2694 δὲ
1097 2651 1316 2707 μέμνηται
1346 2643 1517 2701 Εὔβου-

59 2725 131 2776 λος
160 2725 205 2768 ἒν
234 2725 478 2784 Γανυμήδει
496 2724 667 2780 “’Υπνος
696 2729 786 2773 κτλ.
826 2731 1034 2772 Pol-sonus
1054 2716 1225 2770 ’Ύπνος
1257 2717 1340 2775 γὰρ
1368 2713 1518 2758 αυτόν·
