1702 3158
206 185 292 226 886
823 177 1049 220 EPHIPPI

318 295 553 336 Athenaeus
578 292 635 333 XI
665 304 705 344 p.
722 289 870 330 482&
899 284 1158 342 μνημονεύει
1186 287 1237 328 δ’
1267 285 1402 331 αὐτοῦ
1426 293 1657 346 (Euripidis

207 365 434 420 potatoris)
472 359 546 401 καί
583 354 928 411 Ἀναξανδρίδης
965 357 1010 398 ἐν
1039 358 1223 414 Νηρεΐσι
1255 371 1308 393 4.-
1337 360 1410 400 καὶ
1431 353 1659 415 ’Ἔφιππος

206 433 254 474 ’ἐν
278 429 477 486 Ὁμοίοις
507 425 534 479 ἢ
562 429 605 469 ἐν
633 423 973 481 Ὀβελιαφόροις
1000 426 1229 469 Διονυσίου
1257 429 1345 471 κτλ.
1410 431 1485 473 Vs.
1512 433 1535 471 l·
1565 432 1659 473 libri

207 501 438 544 Διονυσίου
468 499 512 539 δὲ
542 493 749 552 δράματ’.
817 498 989 550 Requiri
1018 500 1342 540 coniunctionem
1383 493 1423 538 εἰ
1450 501 1549 540 vidit
1578 501 1659 542 Th.

208 572 409 625 Bergkius
426 572 582 611 comm.
599 583 637 621 p.
656 569 723 608 86.
754 567 828 607 sed
857 568 989 607 minus
1019 573 1132 607 recte
1160 570 1319 621 scrIpsit
1347 564 1388 607 εἰ
1412 565 1558 622 μάθοι
1587 584 1660 623 pro

208 637 412 692 ἐκμάθοι.
450 638 619 678 Correxi
648 637 771 690 igitur
800 632 1032 676 Διονυσίου
1063 631 1170 675 δἐἰ
1196 633 1401 690 δράματ’.
1432 640 1491 679 De
1511 639 1661 692 Diony-

205 711 258 751 sii
289 708 508 762 tragoediis
537 707 630 746 vide
660 706 710 747 ad
740 706 924 758 Euphor.
954 719 996 758 p.
1023 707 1101 745 163
1132 712 1173 747 et
1202 708 1310 748 Hist.
1341 720 1397 748 cr.
1426 723 1464 760 p.
1477 708 1576 749 524.
1607 734 1660 741 —-

208 780 278 821 vs.
307 780 334 818 2
372 773 678 829 Δημοφῶντος.
739 776 798 815 De
829 776 1114 828 Demophonte
1152 783 1271 828 poeta
1308 778 1406 817 nihil
1446 784 1660 829 praeterea

206 853 380 888 constat.
449 839 544 884 ἅττ’
579 859 651 897 pro
683 835 753 882 ἅτ’
787 845 946 897 scripsit
990 846 1144 896 primus
1176 847 1332 885 Petitus
1363 847 1482 886 Misc.
1515 847 1587 888 Vll
1617 847 1657 887 5.

208 919 316 959 Tum
349 911 494 955 Κότυν
523 915 786 955 casaubonus
823 927 896 966 pro
934 915 1130 954 librorum
1171 916 1346 956 lectione
1374 911 1559 963 κοτύλην
1588 929 1658 955 ve-

208 989 367 1028 rissime
410 985 612 1033 restituit,
654 983 763 1035 quod
803 989 938 1022 utrum
978 983 1029 1032 sle
1070 984 1236 1036 Cotytto
1283 987 1391 1031 (vid.
1431 986 1660 1024 Lobeckius

210 1057 409 1111 Aglaoph.
441 1055 478 1094 11
509 1067 549 1105 p.
581 1053 722 1102 1014)
757 1065 809 1091 an
839 1053 890 1091 de
920 1053 1074 1103 Cotye,
1111 1054 1315 1093 Thracum
1345 1064 1446 1105 rege
1475 1054 1661 1093 celeber-

209 1127 312 1167 rimo
351 1129 393 1166 et
429 1123 479 1164 ab
508 1120 820 1162 Atheniensium
857 1120 1010 1172 populo
1049 1122 1209 1161 coronis
1246 1123 1382 1162 aureis
1419 1125 1460 1162 et
1500 1122 1663 1162 civitate

208 1196 361 1237 donato
391 1191 622 1244 (Demosth.
641 1204 681 1243 p.
695 1190 776 1230 659
806 1190 881 1240 21)
910 1190 1231 1243 intellegendum
1262 1191 1327 1240 sit,
1357 1204 1436 1231 non
1465 1192 1659 1232 decerno.

211 1267 397 1308 Alterum
426 1268 561 1304 tamen
592 1260 856 1313 probabilius.
907 1285 962 1292 —-
1009 1262 1077 1301 Vs.
1108 1261 1135 1300 3
1169 1256 1389 1314 Θεόδωρος
1417 1262 1558 1313 scripsi
1588 1272 1663 1314 pro

209 1324 396 1387 Θεωρός.
454 1333 504 1374 V.
535 1332 700 1383 Quaest.
730 1341 840 1370 scen.
871 1330 931 1369 111
960 1343 999 1382 p.
1021 1331 1073 1369 14
1103 1335 1144 1370 et
1174 1331 1280 1371 nist.
1313 1332 1401 1370 crit.
1432 1343 1473 1382 p.
1489 1328 1572 1369 523
1601 1342 1661 1382 sq.

212 1404 459 1451 Articulum,
490 1401 559 1454 qui
587 1400 708 1450 vulgo
738 1403 833 1438 ante
862 1395 1036 1437 δεῖπνον
1066 1400 1237 1451 legitur,
1275 1399 1425 1439 delevit
1458 1400 1662 1439 Porsonus

211 1475 332 1517 Misc.
362 1487 403 1526 p.
432 1472 528 1512 242.
559 1495 610 1501 -—
643 1469 711 1509 Vs.
741 1468 768 1507 4
796 1464 966 1519 Λάχητὶ
995 1463 1036 1506 τ’
1070 1462 1295 1519 οἰκήσαιμι
1327 1469 1547 1508 Por-sonus.
1591 1469 1660 1509 AB

212 1541 311 1592 λητι
338 1555 405 1580 τοι
434 1551 628 1590 κησαιμι.
661 1536 805 1585 Ρλητὶ
837 1533 1101 1588 τοικήσαιμι.
1131 1538 1202 1578 VL
1226 1536 1353 1585 λητοῖ
1375 1550 1442 1576 τοι
1471 1533 1663 1589 κύσαιμι,

211 1612 435 1654 Lachetem
465 1610 639 1650 fortasse
669 1608 765 1647 dicit
782 1607 990 1659 Melanopi
1019 1607 1162 1656 filium,
1192 1607 1242 1646 ob
1274 1607 1483 1658 peculatus
1512 1607 1664 1648 crimen

211 1683 255 1723 in
282 1693 491 1721 carcerem
521 1679 760 1726 coniectum,
791 1677 842 1716 de
871 1689 950 1727 quo
981 1689 1017 1716 v.
1050 1677 1258 1716 Demosth.
1278 1677 1404 1728 Epist.
1423 1678 1482 1717 lll
1498 1689 1538 1729 p.
1556 1677 1665 1716 1480

211 1753 316 1794 Rsk.
375 1750 515 1798 Alius,
546 1754 591 1788 ut
619 1748 800 1794 videtur,
842 1751 904 1785 est
934 1747 1108 1786 Demeae
1138 1746 1268 1795 filius,
1310 1759 1357 1786 ex
1386 1751 1509 1799 gente
1535 1748 1664 1787 Eteo—

213 1821 479 1868 bundam,
508 1833 533 1859 a
563 1818 731 1859 Alexide
759 1820 1006 1855 memoratus
1035 1817 1076 1855 in
1110 1815 1284 1867 Pyrum:
1316 1817 1333 1855 l
1363 1816 1402 1856 8.
1447 1832 1500 1848 -·
1535 1816 1606 1857 Vs.
1634 1816 1663 1856 5

213 1891 337 1943 vulgo
366 1883 618 1942 Εὐριπίδης.
675 1880 893 1938 Εὐριπίδῃ
923 1885 985 1924 vel
1016 1880 1257 1937 Εὐριπίδην
1287 1885 1544 1926 scribendum
1574 1897 1664 1927 esse

213 1952 608 2001 monuitDobr-aeus
637 1955 688 1997 ad
719 1955 889 1995 Por-soni
919 1954 1095 1995 Miscen.
1128 1955 1156 1995 l.
1188 1955 1215 1995 l.
1275 1954 1460 1996 Datlvum
1489 1956 1664 2008 praetuli

213 2037 306 2072 num
335 2027 557 2071 Dindorfio.
1244 2012 1247 2028 ⁵

590 2177 1296 2232 ΠΕΛΤΑΣΤΗΣὌ

923 2295 953 2334 1.

553 2372 751 2417 Totam·
783 2372 939 2415 ὑθλῶν
969 2374 1136 2415 δειπνεῖ
1159 2374 1231 2414 καὶ
1262 2373 1309 2430 ζῇ

544 2456 882 2514 θαυμαζόμενος
909 2455 1018 2513 μετὰ
1046 2455 1291 2512 μειρακίων,

546 2541 597 2584 οὐ
628 2540 875 2596 γιγνώσκων
904 2540 1068 2597 ψήφων
1096 2536 1328 2595 ἀριθμούς,

549 2606 707 2681 σεμνὸς
736 2626 900 2682 σεμναῖς
921 2622 1097 2681 χλανίδ’
1130 2623 1274 2668 ἕλκων,

312 2741 344 2783 ’)
368 2741 408 2774 V.
430 2739 520 2775 Hist.
544 2740 620 2776 crit.
642 2752 675 2785 p.
697 2742 778 2778 353.
