1702 3158
523 137 979 186 ΣΦΙΓΓΟΚΛΡΙΩ
989 140 1042 184 Ν.
1433 137 1520 180 255

156 257 339 309 πάππος
368 254 453 300 ἀπ’
487 253 715 308 ἀκάνθης·
747 248 876 306 οὗτος
904 252 989 312 γάρ

71 350 127 391 20
159 346 251 396 νέος
278 347 359 401 μὲν
386 339 448 385 dlv
477 342 653 395 ἔστηκεν
682 341 728 384 ἐν
757 341 818 400 τῷ
846 342 1085 399 σπέρματι·

154 427 264 474 ὅταν
294 429 340 472 δ’
370 425 576 486 ἀποβάλῃ
608 423 751 480 τοῦτο’,
783 427 959 469 πέτεται
987 425 1149 483 κοῦφος
1176 421 1252 476 ὤν,

155 514 389 570 δήπουθεν
419 512 503 557 ino
536 514 621 555 τῶν
651 512 843 555 παιδίων
875 510 1147 568 φυσώμενος.

149 600 307 647 Ἔστιν
336 598 516 656 ἄγαλμα
546 598 732 655 βεβηκὸς
761 596 864 650 ἄνω,
896 597 950 640 τὰ
979 594 1096 640 κάτω
1127 596 1173 639 δὲ
1201 591 1393 653 κεχηνός,

157 685 218 739 εἰς
247 684 388 736 πόδας
417 686 462 727 ἐκ
492 684 685 742 κεφαλῆς
714 685 989 740 τετρημένον,
1019 681 1096 737 ὀξὺ
1126 679 1304 739 διαπρό,

71 777 127 819 25
156 770 425 830 ἀνθρώπους
454 768 601 812 τίκτον
628 769 742 811 κατὰ
770 768 852 822 τὴν
882 767 1026 824 πυγὴν
1053 766 1119 811 ἔν’
1153 768 1360 811 ἕκαστον·

154 851 218 901 ὦν
249 858 291 901 οἱ
320 858 401 913 μὲν
429 854 588 913 μοίρας
618 854 775 911 ἔλαχον
805 852 920 909 βίου,
951 854 994 896 οἱ
1024 855 1070 895 δὲ
1100 853 1367 897 πλανῶνται.

156 944 264 988 αὐτὸ
295 944 341 986 δ’
375 944 555 992 ἕκαστος
586 941 694 998 ἔχων
723 937 873 990 αὐτόν,
905 939 1045 982 καλέω
1076 938 1123 980 δὲ
1151 936 1406 996 φαλάττειν.

151 1051 396 1097 Athenaeus
426 1050 464 1090 X
496 1063 535 1103 p.
565 1048 712 1089 4492:
753 1040 978 1098 Εὔβουλος
1010 1040 1055 1083 δ’
1088 1042 1134 1084 ἐν
1161 1040 1522 1099 Σφιγγοκαρίωνι

44 1117 270 1169 τοιούτους
311 1116 495 1174 γρίφους
537 1112 796 1172 προβάλλει,
838 1111 972 1163 αὐτὸς
1007 1115 1084 1155 καὶ
1127 1110 1317 1154 ἐπιλύων
1360 1110 1523 1163 αὐτούς

36 1190 167 1234 ''Eon
196 1189 342 1232 λαλῶν
370 1185 597 1242 ἄγλωσσος
626 1186 715 1229 κτλ.
788 1188 965 1241 Recepit
1006 1186 1112 1228 haee
1141 1187 1372 1227 Brunckius
1403 1187 1521 1228 Anal.

48 1266 107 1306 lll
145 1280 185 1318 p.
215 1265 313 1312 320,
350 1262 421 1302 ubi
460 1262 670 1301 annotavit
705 1261 902 1301 nonnulla
940 1258 1150 1300 Iacobsius
1189 1257 1403 1299 Animadv.
1438 1258 1520 1300 Xll

44 1350 84 1390 p.
114 1335 210 1375 348.
278 1334 461 1373 Primum
504 1332 693 1385 aenigma
732 1332 843 1383 quod
885 1331 1009 1372 Cario
1047 1322 1429 1381 servus'proponit
1467 1331 1521 1370 nd

46 1405 270 1447 Callistrati
299 1403 593 1444 contumeliam
625 1407 806 1455 spectat,
837 1402 1016 1442 hominis
1045 1401 1088 1441 in
1118 1413 1164 1439 re
1196 1399 1361 1452 publica
1391 1399 1522 1439 admi·

45 1476 254 1518 nisu-anda
291 1474 452 1516 strenui
490 1477 532 1514 et
568 1473 802 1526 diligentis,
849 1473 923 1514 sed
963 1472 1126 1512 luxurie
1166 1476 1208 1510 et
1245 1470 1523 1523 voluptatibus

46 1547 187 1588 dediti.
218 1545 325 1588 Vide
356 1557 461 1597 quae
491 1557 615 1597 supra
649 1545 766 1584 attuli
797 1544 849 1584 ad
880 1544 1083 1596 Antiopae
1112 1543 1278 1594 Fragm.
1298 1541 1352 1582 11.
1413 1542 1521 1583 Vs.1

44 1616 155 1666 λεῖος
182 1618 270 1659 VL.
330 1614 444 1663 δεῖος
474 1616 558 1657 Ac.
620 1615 724 1655 lbid.
754 1609 983 1668 ὁμώνυμος
1013 1608 1160 1667 ἄρρενι
1187 1609 1358 1662 θῆλυς,
1405 1613 1526 1665 podi-

47 1704 136 1732 cem
167 1690 256 1729 sive
287 1689 410 1728 maris
441 1687 529 1727 sive
558 1685 740 1726 feminae
770 1686 880 1725 idem
913 1698 1062 1725 nomen
1085 1685 1241 1724 hahere
1259 1683 1371 1724 dicit.
1408 1686 1526 1736 Quae

46 1763 98 1803 ad
124 1761 405 1803 Callistratum
438 1757 634 1797 translata
664 1757 762 1808 quid
793 1750 1027 1809 significent
1056 1755 1166 1795 haud
1197 1755 1416 1794 obscurum
1446 1741 1525 1796 est.

45 1857 100 1865 —-
145 1833 217 1874 Vs.
245 1832 272 1870 3
306 1822 490 1879 ἀξύνετα
522 1825 737 1878 ξυνετοῖσι
765 1827 798 1867 C
831 1833 872 1880 et
904 1827 1003 1878 epit.
1033 1826 1291 1866 Hoesclielii.
1348 1819 1522 1875 oigiva’
1591 1814 1594 1815 ⁷

47 1898 291 1953 ἀξυνέτοισι
335 1901 456 1942 PVL.
546 1899 791 1957 Opportune
854 1898 1064 1938 lacobsiua
1123 1901 1334 1950 comparat
1377 1897 1524 1950 Eur-ip.

48 1974 206 2015 Phoen.
237 1972 372 2012 1510:
413 1966 677 2020 δυσξυνέτου
706 1965 879 2019 ξυνετὸς
908 1966 1037 2021 μέλος
1076 1964 1185 2020 ἔγνω
1214 1961 1439 2020 Σφιγγός,
1480 1972 1525 2008 et

50 2044 322 2098 lphig.Taur.
343 2043 476 2083 1092:
507 2035 734 2091 εὐξύνετον
764 2037 977 2090 ξυνετοῖσι
1008 2035 1132 2091 βοάν.
1196 2039 1356 2080 Ibidem
1385 2032 1526 2091 νόμον

50 2114 95 2155 ἐκ
121 2111 258 2168 νόμον
289 2112 420 2153 ἕλκων
450 2119 495 2153 ut
524 2114 682 2165 reliqua
713 2113 905 2164 ambigue
934 2112 1089 2151 dictum
1120 2115 1197 2151 est.
1239 2112 1349 2163 Apte
1370 2110 1526 2151 Gasan-

52 2186 182 2227 honus
211 2186 383 2226 advocat
415 2184 702 2237 Aristophanis
721 2184 830 2224 Nub.
846 2183 951 2222 389:
981 2177 1171 2235 ἀτρεμὰς
1200 2179 1375 2235 πρῶτον
1403 2193 1527 2220 παπ-

51 2253 137 2307 πὰξ
165 2251 374 2307 παππάξ,
404 2251 578 2295 κᾶπειτ’
608 2249 758 2306 ἐπάγει
788 2248 1121 2302 παπαπαππάξ.
1172 2278 1226 2285 —-
1271 2253 1343 2294 Vs.
1372 2252 1400 2291 4
1428 2265 1526 2305 spe-

53 2332 135 2368 ctat
163 2328 216 2368 ad
244 2328 437 2369 versatile
467 2332 509 2367 et
540 2326 732 2366 callidum
765 2324 990 2365 callistrati
1020 2324 1247 2377 ingenium.
1289 2348 1344 2355 —-
1394 2323 1468 2364 Vs.
1497 2321 1527 2363 5

53 2409 320 2451 personarum
362 2399 472 2438 vices
510 2397 674 2438 distinxi
713 2402 757 2436 ut
796 2396 898 2435 fecit
929 2395 1368 2448 Schweighaeuserus.
1428 2394 1525 2434 mn-

54 2469 208 2508 dorfius
236 2470 361 2509 verba
391 2463 433 2507 τί
463 2465 556 2508 ἐστὶ
585 2464 715 2506 τοῦτο
743 2467 932 2515 Carioni,
963 2467 1122 2518 reliqua
1153 2466 1270 2504 alteri
1298 2465 1526 2505 interlocu-

55 2536 134 2577 tori
163 2540 393 2592 assignavit.
434 2566 488 2572 —-
520 2540 594 2581 Vs.
625 2540 650 2578 9
681 2534 725 2577 τί
753 2533 925 2589 βούλεις
954 2531 1215 2589 πνευμάτων
1244 2537 1524 2578 Casaubonus.

58 2607 168 2647 Libri
195 2608 286 2649 fere
316 2606 358 2649 τί
388 2605 810 2663 βουλεπινευμάτων.
873 2610 972 2649 Post
998 2608 1107 2647 hunc
1137 2619 1314 2655 versum,
1344 2613 1390 2648 ut
1418 2607 1526 2648 infra

57 2681 151 2730 post
180 2678 249 2728 11.
278 2681 344 2720 16.
375 2682 428 2722 18
457 2688 500 2722 et
529 2684 598 2731 22,
630 2682 817 2722 omisisse
848 2680 1049 2733 quaedam
1064 2679 1324 2720 Athenaeum
1355 2684 1398 2718 et
1425 2691 1525 2732 poe-

56 2752 124 2788 tae
154 2747 277 2788 verba
303 2749 346 2790 in
374 2753 524 2794 arctius
552 2753 806 2794 contraxisse
835 2756 1024 2805 apertum
1055 2755 1130 2791 est.
1169 2775 1225 2783 —
1253 2749 1328 2792 Vs.
1359 2751 1415 2790 lo
1443 2743 1524 2787 ἅτ.-
