<?xml version="1.0" encoding="UTF-8"?>
<!DOCTYPE html PUBLIC "-//W3C//DTD XHTML 1.0 Transitional//EN"
    "http://www.w3.org/TR/xhtml1/DTD/xhtml1-transitional.dtd">
<html xmlns="http://www.w3.org/1999/xhtml" xml:lang="en" lang="en">
 <head>
  <title>
</title>
<meta http-equiv="Content-Type" content="text/html;charset=utf-8" />
  <meta name='ocr-system' content='tesseract 3.04.00' />
  <meta name='ocr-capabilities' content='ocr_page ocr_carea ocr_par ocr_line ocrx_word'/>
</head>
<body>
  <div class='ocr_page' id='page_1' title='image "./fragmentacomicor03meinuoft_0410.png"; bbox 0 0 1702 3158; ppageno 0'>
   <div class='ocr_carea' id='block_1_1' title="bbox 199 149 1059 196">
    <p class='ocr_par' dir='ltr' id='par_1_1' title="bbox 199 149 1059 196">
     <span class='ocr_line' id='line_1_1' title="bbox 199 149 1059 196; baseline -0.005 0"><span class='ocrx_word' id='word_1_1' title='bbox 199 155 282 196; x_wconf 76' lang='lat'><strong>4⁰2</strong></span> <span class='ocrx_word' id='word_1_2' title='bbox 800 149 1059 192; x_wconf 80' lang='lat' dir='ltr'><strong>ALEXIDIS</strong></span> 
     </span>
    </p>
   </div>
   <div class='ocr_carea' id='block_1_2' title="bbox 198 255 1702 731">
    <p class='ocr_par' dir='ltr' id='par_1_2' title="bbox 198 255 1702 731">
     <span class='ocr_line' id='line_1_2' title="bbox 202 255 1649 315; baseline -0.001 -10"><span class='ocrx_word' id='word_1_3' title='bbox 202 262 436 315; x_wconf 77' lang='grc' dir='ltr'><em>τηνικαῦτα</em></span> <span class='ocrx_word' id='word_1_4' title='bbox 482 261 558 313; x_wconf 83' lang='grc' dir='ltr'><em>τῆς</em></span> <span class='ocrx_word' id='word_1_5' title='bbox 596 259 837 314; x_wconf 77' lang='grc' dir='ltr'><strong><em>ἐπιθυμίας</em></strong></span> <span class='ocrx_word' id='word_1_6' title='bbox 881 256 1051 310; x_wconf 81' lang='grc' dir='ltr'><em>ἀπέστη</em></span> <span class='ocrx_word' id='word_1_7' title='bbox 1098 259 1171 300; x_wconf 86' lang='grc' dir='ltr'><strong>καὶ</strong></span> <span class='ocrx_word' id='word_1_8' title='bbox 1211 255 1563 314; x_wconf 78' lang='grc' dir='ltr'><em>προβαλλόμενός</em></span> <span class='ocrx_word' id='word_1_9' title='bbox 1607 275 1649 303; x_wconf 89' lang='grc' dir='ltr'><strong>τι</strong></span> 
     </span>
     <span class='ocr_line' id='line_1_3' title="bbox 204 325 1650 388; baseline -0.002 -14"><span class='ocrx_word' id='word_1_10' title='bbox 204 330 384 388; x_wconf 85' lang='grc' dir='ltr'><em>σαρκίον</em></span> <span class='ocrx_word' id='word_1_11' title='bbox 429 329 678 381; x_wconf 80' lang='grc' dir='ltr'><strong><em>ἐπλησίασε.</em></strong></span> <span class='ocrx_word' id='word_1_12' title='bbox 747 328 822 379; x_wconf 83' lang='grc' dir='ltr'><em>τῆς</em></span> <span class='ocrx_word' id='word_1_13' title='bbox 858 325 1047 383; x_wconf 79' lang='grc' dir='ltr'><em>πράξεως</em></span> <span class='ocrx_word' id='word_1_14' title='bbox 1082 326 1242 379; x_wconf 83' lang='grc' dir='ltr'><strong><em>ταύτης</em></strong></span> <span class='ocrx_word' id='word_1_15' title='bbox 1281 327 1540 384; x_wconf 79' lang='grc' dir='ltr'><em>μνημονεύει</em></span> <span class='ocrx_word' id='word_1_16' title='bbox 1576 332 1650 372; x_wconf 81' lang='grc' dir='ltr'><strong>καὶ</strong></span> 
     </span>
     <span class='ocr_line' id='line_1_4' title="bbox 198 395 1702 454; baseline -0.003 -12"><span class='ocrx_word' id='word_1_17' title='bbox 198 399 372 452; x_wconf 76' lang='grc' dir='ltr'><em>”Αλεξις</em></span> <span class='ocrx_word' id='word_1_18' title='bbox 408 397 433 442; x_wconf 85' lang='grc' dir='ltr'>ὁ</span> <span class='ocrx_word' id='word_1_19' title='bbox 470 397 651 450; x_wconf 79' lang='grc' dir='ltr'><em>ποιητὴς</em></span> <span class='ocrx_word' id='word_1_20' title='bbox 689 396 735 438; x_wconf 75' lang='grc' dir='ltr'><strong>ἐν</strong></span> <span class='ocrx_word' id='word_1_21' title='bbox 772 396 831 454; x_wconf 80' lang='grc' dir='ltr'><em>τῷ</em></span> <span class='ocrx_word' id='word_1_22' title='bbox 877 397 1207 454; x_wconf 76' lang='grc' dir='ltr'><em>ἐπιγραφομένῳ</em></span> <span class='ocrx_word' id='word_1_23' title='bbox 1249 395 1439 453; x_wconf 87' lang='grc' dir='ltr'><em>δράματι</em></span> <span class='ocrx_word' id='word_1_24' title='bbox 1479 396 1650 454; x_wconf 80' lang='grc' dir='ltr'><em>Γραφή,</em></span> <span class='ocrx_word' id='word_1_25' title='bbox 1699 408 1702 412; x_wconf 67' lang='grc'><strong>”</strong></span> 
     </span>
     <span class='ocr_line' id='line_1_5' title="bbox 206 462 1652 524; baseline -0.001 -13"><span class='ocrx_word' id='word_1_26' title='bbox 206 471 340 524; x_wconf 77' lang='grc' dir='ltr'><em>λέγων</em></span> <span class='ocrx_word' id='word_1_27' title='bbox 367 462 451 510; x_wconf 72' lang='grc' dir='ltr'><strong>ὦδε</strong></span> <span class='ocrx_word' id='word_1_28' title='bbox 479 469 714 522; x_wconf 83' lang='grc' dir='ltr'><em>Γεγένηται</em></span> <span class='ocrx_word' id='word_1_29' title='bbox 737 467 827 510; x_wconf 83' lang='grc' dir='ltr'><em>κτλ.</em></span> <span class='ocrx_word' id='word_1_30' title='bbox 869 471 972 510; x_wconf 84' lang='lat' dir='ltr'><strong>Cum</strong></span> <span class='ocrx_word' id='word_1_31' title='bbox 1002 470 1068 509; x_wconf 77' lang='lat' dir='ltr'><strong>his</strong></span> <span class='ocrx_word' id='word_1_32' title='bbox 1096 471 1130 510; x_wconf 80' lang='lat' dir='ltr'><strong>si</strong></span> <span class='ocrx_word' id='word_1_33' title='bbox 1158 470 1323 510; x_wconf 81' lang='lat' dir='ltr'><strong>fabulae</strong></span> <span class='ocrx_word' id='word_1_34' title='bbox 1351 471 1513 511; x_wconf 87' lang='lat' dir='ltr'><strong>titulum</strong></span> <span class='ocrx_word' id='word_1_35' title='bbox 1543 484 1652 511; x_wconf 87' lang='lat' dir='ltr'><strong>com-</strong></span> 
     </span>
     <span class='ocr_line' id='line_1_6' title="bbox 208 539 1654 595; baseline 0 -13"><span class='ocrx_word' id='word_1_36' title='bbox 208 543 426 595; x_wconf 69' lang='lat' dir='ltr'><strong>paraveris,</strong></span> <span class='ocrx_word' id='word_1_37' title='bbox 456 541 566 581; x_wconf 86' lang='lat' dir='ltr'><strong>haud</strong></span> <span class='ocrx_word' id='word_1_38' title='bbox 595 539 859 592; x_wconf 82' lang='lat' dir='ltr'><strong>improbabile</strong></span> <span class='ocrx_word' id='word_1_39' title='bbox 887 539 1016 579; x_wconf 82' lang='lat' dir='ltr'><strong>videri</strong></span> <span class='ocrx_word' id='word_1_40' title='bbox 1044 543 1202 592; x_wconf 84' lang='lat' dir='ltr'><strong>potest,</strong></span> <span class='ocrx_word' id='word_1_41' title='bbox 1231 540 1441 580; x_wconf 83' lang='lat' dir='ltr'><strong>inductum</strong></span> <span class='ocrx_word' id='word_1_42' title='bbox 1470 540 1602 580; x_wconf 74' lang='lat' dir='ltr'><strong>fuisse</strong></span> <span class='ocrx_word' id='word_1_43' title='bbox 1629 553 1654 582; x_wconf 73' lang='grc' dir='ltr'>ι</span> 
     </span>
     <span class='ocr_line' id='line_1_7' title="bbox 205 609 1652 663; baseline -0.002 -12"><span class='ocrx_word' id='word_1_44' title='bbox 205 616 328 663; x_wconf 77' lang='lat' dir='ltr'><strong>poeta</strong></span> <span class='ocrx_word' id='word_1_45' title='bbox 365 611 572 650; x_wconf 88' lang='lat' dir='ltr'><strong>hominem</strong></span> <span class='ocrx_word' id='word_1_46' title='bbox 615 610 750 662; x_wconf 80' lang='lat' dir='ltr'><strong>pictae</strong></span> <span class='ocrx_word' id='word_1_47' title='bbox 792 609 973 649; x_wconf 78' lang='lat' dir='ltr'><strong>mulieris</strong></span> <span class='ocrx_word' id='word_1_48' title='bbox 1003 621 1141 649; x_wconf 81' lang='lat' dir='ltr'><strong>amore</strong></span> <span class='ocrx_word' id='word_1_49' title='bbox 1172 614 1347 662; x_wconf 83' lang='lat' dir='ltr'><strong>captum.</strong></span> <span class='ocrx_word' id='word_1_50' title='bbox 1406 610 1466 649; x_wconf 87' lang='lat' dir='ltr'><strong>De</strong></span> <span class='ocrx_word' id='word_1_51' title='bbox 1501 614 1652 649; x_wconf 75' lang='lat' dir='ltr'><strong>statua-</strong></span> 
     </span>
     <span class='ocr_line' id='line_1_8' title="bbox 205 679 1652 731; baseline 0 -12"><span class='ocrx_word' id='word_1_52' title='bbox 205 692 295 720; x_wconf 85' lang='lat' dir='ltr'><strong>rum</strong></span> <span class='ocrx_word' id='word_1_53' title='bbox 325 680 572 721; x_wconf 75' lang='lat' dir='ltr'><strong>amatoribus</strong></span> <span class='ocrx_word' id='word_1_54' title='bbox 602 679 720 718; x_wconf 78' lang='lat' dir='ltr'><strong>attuli</strong></span> <span class='ocrx_word' id='word_1_55' title='bbox 747 679 942 718; x_wconf 85' lang='lat' dir='ltr'><strong>nonnulla</strong></span> <span class='ocrx_word' id='word_1_56' title='bbox 970 679 1019 717; x_wconf 86' lang='lat' dir='ltr'><strong>ad</strong></span> <span class='ocrx_word' id='word_1_57' title='bbox 1050 679 1299 719; x_wconf 81' lang='lat' dir='ltr'>Philemonis</span> <span class='ocrx_word' id='word_1_58' title='bbox 1327 680 1486 730; x_wconf 74' lang='lat' dir='ltr'><strong>Fragm.</strong></span> <span class='ocrx_word' id='word_1_59' title='bbox 1503 693 1542 731; x_wconf 87' lang='lat' dir='ltr'><strong>p.</strong></span> <span class='ocrx_word' id='word_1_60' title='bbox 1558 680 1652 719; x_wconf 81' lang='lat'><strong>409.</strong></span> 
     </span>
    </p>
   </div>
   <div class='ocr_carea' id='block_1_3' title="bbox 205 747 1653 858">
    <p class='ocr_par' dir='ltr' id='par_1_3' title="bbox 205 747 1653 858">
     <span class='ocr_line' id='line_1_9' title="bbox 206 747 1653 801; baseline -0.002 -12"><span class='ocrx_word' id='word_1_61' title='bbox 206 749 406 789; x_wconf 83' lang='lat' dir='ltr'><strong>Alexidea</strong></span> <span class='ocrx_word' id='word_1_62' title='bbox 435 748 573 790; x_wconf 84' lang='lat' dir='ltr'><strong>fabula</strong></span> <span class='ocrx_word' id='word_1_63' title='bbox 602 747 740 789; x_wconf 80' lang='lat' dir='ltr'><strong>forsan</strong></span> <span class='ocrx_word' id='word_1_64' title='bbox 771 748 1028 788; x_wconf 71' lang='lat' dir='ltr'><strong>Aristaeneto</strong></span> <span class='ocrx_word' id='word_1_65' title='bbox 1067 761 1186 790; x_wconf 80' lang='lat' dir='ltr'><strong>causa</strong></span> <span class='ocrx_word' id='word_1_66' title='bbox 1217 751 1347 790; x_wconf 76' lang='lat' dir='ltr'><strong>extitit</strong></span> <span class='ocrx_word' id='word_1_67' title='bbox 1375 749 1570 801; x_wconf 75' lang='lat' dir='ltr'><strong>epistolae</strong></span> <span class='ocrx_word' id='word_1_68' title='bbox 1601 750 1653 787; x_wconf 87' lang='grc'><strong>10</strong></span> 
     </span>
     <span class='ocr_line' id='line_1_10' title="bbox 205 817 381 858; baseline 0.006 -1"><span class='ocrx_word' id='word_1_69' title='bbox 205 817 299 857; x_wconf 70' lang='lat' dir='ltr'><strong>libri</strong></span> <span class='ocrx_word' id='word_1_70' title='bbox 329 817 381 858; x_wconf 89' lang='lat'><strong>11.</strong></span> 
     </span>
    </p>
   </div>
   <div class='ocr_carea' id='block_1_4' title="bbox 801 878 991 885">
    <p class='ocr_par' dir='ltr' id='par_1_4' title="bbox 801 878 991 885">
     <span class='ocr_line' id='line_1_11' title="bbox 801 878 991 885; baseline 0 0"><span class='ocrx_word' id='word_1_71' title='bbox 801 878 991 885; x_wconf 95' lang='lat' dir='ltr'><strong> </strong></span> 
     </span>
    </p>
   </div>
   <div class='ocr_carea' id='block_1_5' title="bbox 458 978 1401 1133">
    <p class='ocr_par' dir='ltr' id='par_1_5' title="bbox 458 978 1401 1133">
     <span class='ocr_line' id='line_1_12' title="bbox 458 978 1401 1032; baseline 0.004 -15"><span class='ocrx_word' id='word_1_72' title='bbox 458 978 1401 1032; x_wconf 66' lang='lat' dir='ltr'><em>J&#39;YNAJKOKPATJA.*)</em></span> 
     </span>
     <span class='ocr_line' id='line_1_13' title="bbox 918 1093 951 1133; baseline 0.03 -1"><span class='ocrx_word' id='word_1_73' title='bbox 918 1093 951 1133; x_wconf 90' lang='lat'><strong>1.</strong></span> 
     </span>
    </p>
   </div>
   <div class='ocr_carea' id='block_1_6' title="bbox 421 1171 1401 1316">
    <p class='ocr_par' dir='ltr' id='par_1_6' title="bbox 421 1171 1401 1316">
     <span class='ocr_line' id='line_1_14' title="bbox 421 1171 1401 1234; baseline 0.005 -20"><span class='ocrx_word' id='word_1_74' title='bbox 421 1171 656 1216; x_wconf 77' lang='grc' dir='ltr'><em>Ἐνταῦθα</em></span> <span class='ocrx_word' id='word_1_75' title='bbox 687 1177 783 1232; x_wconf 84' lang='grc' dir='ltr'><em>περὶ</em></span> <span class='ocrx_word' id='word_1_76' title='bbox 817 1176 895 1229; x_wconf 80' lang='grc' dir='ltr'><em>τήν</em></span> <span class='ocrx_word' id='word_1_77' title='bbox 923 1174 1108 1233; x_wconf 75' lang='grc' dir='ltr'><em>ἐσχάτην</em></span> <span class='ocrx_word' id='word_1_78' title='bbox 1138 1176 1206 1217; x_wconf 86' lang='grc' dir='ltr'><strong>δεῖ</strong></span> <span class='ocrx_word' id='word_1_79' title='bbox 1229 1175 1401 1234; x_wconf 83' lang='grc' dir='ltr'><em>κερκίδα</em></span> 
     </span>
     <span class='ocr_line' id='line_1_15' title="bbox 426 1255 1298 1316; baseline 0.006 -18"><span class='ocrx_word' id='word_1_80' title='bbox 426 1255 538 1311; x_wconf 79' lang='grc' dir='ltr'><em>ὑμᾶς</em></span> <span class='ocrx_word' id='word_1_81' title='bbox 565 1257 835 1311; x_wconf 77' lang='grc' dir='ltr'><em>καθιζούσας</em></span> <span class='ocrx_word' id='word_1_82' title='bbox 864 1262 1049 1316; x_wconf 76' lang='grc' dir='ltr'><em>θεωρεῖν</em></span> <span class='ocrx_word' id='word_1_83' title='bbox 1076 1258 1132 1310; x_wconf 81' lang='grc' dir='ltr'><strong>ώς</strong></span> <span class='ocrx_word' id='word_1_84' title='bbox 1162 1260 1298 1312; x_wconf 78' lang='grc' dir='ltr'><em>ξένας.</em></span> 
     </span>
    </p>
   </div>
   <div class='ocr_carea' id='block_1_7' title="bbox 203 1357 1673 1831">
    <p class='ocr_par' dir='ltr' id='par_1_7' title="bbox 203 1357 1673 1831">
     <span class='ocr_line' id='line_1_16' title="bbox 315 1357 1653 1416; baseline 0.001 -17"><span class='ocrx_word' id='word_1_85' title='bbox 315 1359 462 1400; x_wconf 85' lang='lat' dir='ltr'><strong>Pollux</strong></span> <span class='ocrx_word' id='word_1_86' title='bbox 478 1361 534 1400; x_wconf 87' lang='lat' dir='ltr'><strong>lx</strong></span> <span class='ocrx_word' id='word_1_87' title='bbox 550 1362 632 1401; x_wconf 74' lang='lat'><strong>44:</strong></span> <span class='ocrx_word' id='word_1_88' title='bbox 663 1360 1067 1416; x_wconf 74' lang='grc' dir='ltr'><em>Προσαριθμητὲον</em></span> <span class='ocrx_word' id='word_1_89' title='bbox 1097 1361 1141 1402; x_wconf 80' lang='grc' dir='ltr'><strong>δὲ</strong></span> <span class='ocrx_word' id='word_1_90' title='bbox 1172 1361 1259 1409; x_wconf 81' lang='grc' dir='ltr'><em>τοῖς</em></span> <span class='ocrx_word' id='word_1_91' title='bbox 1289 1357 1515 1415; x_wconf 83' lang='grc' dir='ltr'><em>δημοσίοις</em></span> <span class='ocrx_word' id='word_1_92' title='bbox 1542 1360 1653 1401; x_wconf 74' lang='grc' dir='ltr'><em>θέα-</em></span> 
     </span>
     <span class='ocr_line' id='line_1_17' title="bbox 203 1425 1673 1486; baseline 0.003 -23"><span class='ocrx_word' id='word_1_93' title='bbox 203 1437 331 1479; x_wconf 82' lang='grc' dir='ltr'><em>τρον,</em></span> <span class='ocrx_word' id='word_1_94' title='bbox 368 1427 442 1466; x_wconf 84' lang='grc' dir='ltr'><strong>καὶ</strong></span> <span class='ocrx_word' id='word_1_95' title='bbox 471 1425 668 1484; x_wconf 76' lang='grc' dir='ltr'><em>θεάτρου</em></span> <span class='ocrx_word' id='word_1_96' title='bbox 692 1429 820 1485; x_wconf 83' lang='grc' dir='ltr'><em>μέρος</em></span> <span class='ocrx_word' id='word_1_97' title='bbox 858 1430 964 1485; x_wconf 86' lang='grc' dir='ltr'><em>πρὸς</em></span> <span class='ocrx_word' id='word_1_98' title='bbox 1002 1432 1092 1479; x_wconf 78' lang='grc' dir='ltr'><em>τοῖς</em></span> <span class='ocrx_word' id='word_1_99' title='bbox 1122 1430 1441 1486; x_wconf 81' lang='grc' dir='ltr'><em>προειρημένοις</em></span> <span class='ocrx_word' id='word_1_100' title='bbox 1470 1427 1673 1483; x_wconf 61' lang='grc' dir='ltr'><strong>κερκίδα,1</strong></span> 
     </span>
     <span class='ocr_line' id='line_1_18' title="bbox 203 1564 1654 1624; baseline 0.001 -17"><span class='ocrx_word' id='word_1_101' title='bbox 203 1564 378 1607; x_wconf 78' lang='lat' dir='ltr'><strong>Videtur</strong></span> <span class='ocrx_word' id='word_1_102' title='bbox 407 1568 610 1609; x_wconf 79' lang='lat' dir='ltr'><strong>theatrum</strong></span> <span class='ocrx_word' id='word_1_103' title='bbox 639 1571 681 1610; x_wconf 87' lang='lat' dir='ltr'><strong>in</strong></span> <span class='ocrx_word' id='word_1_104' title='bbox 711 1571 874 1612; x_wconf 81' lang='lat' dir='ltr'><strong>theatro</strong></span> <span class='ocrx_word' id='word_1_105' title='bbox 903 1575 1252 1624; x_wconf 80' lang='lat' dir='ltr'><strong>repraesentatum</strong></span> <span class='ocrx_word' id='word_1_106' title='bbox 1281 1570 1432 1620; x_wconf 78' lang='lat' dir='ltr'><strong>fuisse,</strong></span> <span class='ocrx_word' id='word_1_107' title='bbox 1463 1570 1654 1622; x_wconf 86' lang='lat' dir='ltr'><strong>quemad-</strong></span> 
     </span>
     <span class='ocr_line' id='line_1_19' title="bbox 203 1634 1655 1690; baseline 0.004 -16"><span class='ocrx_word' id='word_1_108' title='bbox 203 1634 382 1685; x_wconf 85' lang='lat' dir='ltr'><strong>modum,</strong></span> <span class='ocrx_word' id='word_1_109' title='bbox 412 1640 458 1676; x_wconf 91' lang='lat' dir='ltr'><strong>ut</strong></span> <span class='ocrx_word' id='word_1_110' title='bbox 488 1638 590 1678; x_wconf 72' lang='lat' dir='ltr'><strong>alios</strong></span> <span class='ocrx_word' id='word_1_111' title='bbox 620 1640 828 1690; x_wconf 82' lang='lat' dir='ltr'><strong>omittam,</strong></span> <span class='ocrx_word' id='word_1_112' title='bbox 868 1655 891 1681; x_wconf 81' lang='lat' dir='ltr'><strong>a</strong></span> <span class='ocrx_word' id='word_1_113' title='bbox 918 1642 1125 1682; x_wconf 83' lang='lat' dir='ltr'><strong>Ludovico</strong></span> <span class='ocrx_word' id='word_1_114' title='bbox 1143 1641 1313 1681; x_wconf 79' lang='lat' dir='ltr'><strong>Tiecldo</strong></span> <span class='ocrx_word' id='word_1_115' title='bbox 1342 1641 1495 1680; x_wconf 82' lang='lat' dir='ltr'><strong>factum</strong></span> <span class='ocrx_word' id='word_1_116' title='bbox 1525 1644 1586 1680; x_wconf 77' lang='lat' dir='ltr'><strong>est</strong></span> <span class='ocrx_word' id='word_1_117' title='bbox 1614 1640 1655 1680; x_wconf 81' lang='lat' dir='ltr'><strong>in</strong></span> 
     </span>
     <span class='ocr_line' id='line_1_20' title="bbox 203 1702 1654 1763; baseline 0.003 -20"><span class='ocrx_word' id='word_1_118' title='bbox 203 1702 452 1746; x_wconf 77' lang='lat' dir='ltr'><strong>facetissimo</strong></span> <span class='ocrx_word' id='word_1_119' title='bbox 482 1707 678 1758; x_wconf 77' lang='lat' dir='ltr'><strong>dramate,</strong></span> <span class='ocrx_word' id='word_1_120' title='bbox 707 1710 773 1749; x_wconf 83' lang='lat' dir='ltr'><strong>oui</strong></span> <span class='ocrx_word' id='word_1_121' title='bbox 802 1711 964 1751; x_wconf 85' lang='lat' dir='ltr'><strong>titulum</strong></span> <span class='ocrx_word' id='word_1_122' title='bbox 994 1710 1093 1751; x_wconf 82' lang='lat' dir='ltr'><strong>fecit</strong></span> <span class='ocrx_word' id='word_1_123' title='bbox 1124 1710 1226 1759; x_wconf 86' lang='lat' dir='ltr'><strong>„der</strong></span> <span class='ocrx_word' id='word_1_124' title='bbox 1243 1709 1476 1763; x_wconf 80' lang='lat' dir='ltr'><strong>gestiefelte</strong></span> <span class='ocrx_word' id='word_1_125' title='bbox 1493 1708 1654 1748; x_wconf 81' lang='lat' dir='ltr'><strong>Kater”.</strong></span> 
     </span>
     <span class='ocr_line' id='line_1_21' title="bbox 205 1771 1655 1831; baseline 0.003 -18"><span class='ocrx_word' id='word_1_126' title='bbox 205 1771 401 1815; x_wconf 80' lang='lat' dir='ltr'><strong>Ceterum</strong></span> <span class='ocrx_word' id='word_1_127' title='bbox 431 1775 525 1816; x_wconf 78' lang='lat' dir='ltr'><strong>vide</strong></span> <span class='ocrx_word' id='word_1_128' title='bbox 554 1777 779 1830; x_wconf 86' lang='lat' dir='ltr'><strong>Boettigeri</strong></span> <span class='ocrx_word' id='word_1_129' title='bbox 797 1780 948 1831; x_wconf 82' lang='lat' dir='ltr'><strong>Opusc.</strong></span> <span class='ocrx_word' id='word_1_130' title='bbox 979 1779 996 1818; x_wconf 96' lang='lat' dir='ltr'><strong>l</strong></span> <span class='ocrx_word' id='word_1_131' title='bbox 1026 1793 1066 1831; x_wconf 90' lang='lat' dir='ltr'><strong>p.</strong></span> <span class='ocrx_word' id='word_1_132' title='bbox 1082 1780 1163 1818; x_wconf 81' lang='lat'><strong>301</strong></span> <span class='ocrx_word' id='word_1_133' title='bbox 1194 1783 1236 1818; x_wconf 90' lang='lat' dir='ltr'><strong>et</strong></span> <span class='ocrx_word' id='word_1_134' title='bbox 1264 1780 1371 1819; x_wconf 77' lang='lat' dir='ltr'><strong>nist.</strong></span> <span class='ocrx_word' id='word_1_135' title='bbox 1403 1777 1655 1830; x_wconf 81' lang='lat' dir='ltr'><strong>crit.p.398.</strong></span> 
     </span>
    </p>
   </div>
   <div class='ocr_carea' id='block_1_8' title="bbox 444 1889 1435 2108">
    <p class='ocr_par' dir='ltr' id='par_1_8' title="bbox 444 1889 1435 2108">
     <span class='ocr_line' id='line_1_22' title="bbox 904 1889 958 1929; baseline 0.019 -1"><span class='ocrx_word' id='word_1_136' title='bbox 904 1889 958 1929; x_wconf 87' lang='grc' dir='ltr'><strong>Π.</strong></span> 
     </span>
     <span class='ocr_line' id='line_1_23' title="bbox 761 1964 1435 2021; baseline 0.001 -11"><span class='ocrx_word' id='word_1_137' title='bbox 761 1967 818 2010; x_wconf 86' lang='lat' dir='ltr'><strong>‘O</strong></span> <span class='ocrx_word' id='word_1_138' title='bbox 848 1969 893 2010; x_wconf 80' lang='grc' dir='ltr'><strong>δὲ</strong></span> <span class='ocrx_word' id='word_1_139' title='bbox 924 1967 1054 2021; x_wconf 79' lang='grc' dir='ltr'><em>Κίλιξ</em></span> <span class='ocrx_word' id='word_1_140' title='bbox 1082 1964 1158 2012; x_wconf 81' lang='grc' dir='ltr'><strong>ὅδ’</strong></span> <span class='ocrx_word' id='word_1_141' title='bbox 1187 1967 1435 2021; x_wconf 75' lang='grc' dir='ltr'><em>Ἱπποκλῆς,</em></span> 
     </span>
     <span class='ocr_line' id='line_1_24' title="bbox 444 2045 1060 2108; baseline 0.011 -21"><span class='ocrx_word' id='word_1_142' title='bbox 444 2045 468 2087; x_wconf 90' lang='grc' dir='ltr'><em>ὸ</em></span> <span class='ocrx_word' id='word_1_143' title='bbox 498 2047 786 2107; x_wconf 81' lang='grc' dir='ltr'><em>ζωμοτάριχος</em></span> <span class='ocrx_word' id='word_1_144' title='bbox 815 2050 1060 2108; x_wconf 81' lang='grc' dir='ltr'><em>ὑποκριτής.</em></span> 
     </span>
    </p>
   </div>
   <div class='ocr_carea' id='block_1_9' title="bbox 204 2145 1699 2414">
    <p class='ocr_par' dir='ltr' id='par_1_9' title="bbox 204 2145 1699 2414">
     <span class='ocr_line' id='line_1_25' title="bbox 314 2145 1653 2206; baseline 0.001 -18"><span class='ocrx_word' id='word_1_145' title='bbox 314 2149 552 2192; x_wconf 78' lang='lat' dir='ltr'><strong>Athenaeus</strong></span> <span class='ocrx_word' id='word_1_146' title='bbox 583 2145 642 2193; x_wconf 76' lang='lat'><em>1&#39;11</em></span> <span class='ocrx_word' id='word_1_147' title='bbox 673 2167 714 2206; x_wconf 89' lang='lat' dir='ltr'><strong>p.</strong></span> <span class='ocrx_word' id='word_1_148' title='bbox 746 2153 888 2194; x_wconf 80' lang='lat' dir='ltr'>125b:</span> <span class='ocrx_word' id='word_1_149' title='bbox 918 2150 1095 2205; x_wconf 77' lang='grc' dir='ltr'><em>”Λλεξις</em></span> <span class='ocrx_word' id='word_1_150' title='bbox 1134 2150 1184 2192; x_wconf 77' lang='grc' dir='ltr'><strong>δ’</strong></span> <span class='ocrx_word' id='word_1_151' title='bbox 1225 2153 1272 2194; x_wconf 77' lang='grc' dir='ltr'><strong>ἐν</strong></span> <span class='ocrx_word' id='word_1_152' title='bbox 1309 2146 1653 2205; x_wconf 78' lang='grc' dir='ltr'><em>Γυναικοκρατίᾳ</em></span> 
     </span>
     <span class='ocr_line' id='line_1_26' title="bbox 205 2212 1652 2272; baseline 0.004 -18"><span class='ocrx_word' id='word_1_153' title='bbox 205 2212 495 2271; x_wconf 80' lang='grc' dir='ltr'><em>ζωμοτάριχόν</em></span> <span class='ocrx_word' id='word_1_154' title='bbox 525 2232 623 2260; x_wconf 88' lang='grc' dir='ltr'><em>τινα</em></span> <span class='ocrx_word' id='word_1_155' title='bbox 652 2220 849 2270; x_wconf 78' lang='grc' dir='ltr'><em>κέκληκεν</em></span> <span class='ocrx_word' id='word_1_156' title='bbox 878 2221 923 2262; x_wconf 81' lang='grc' dir='ltr'><strong>ἐν</strong></span> <span class='ocrx_word' id='word_1_157' title='bbox 951 2220 1119 2270; x_wconf 85' lang='grc' dir='ltr'><em>τούτοις</em></span> <span class='ocrx_word' id='word_1_158' title='bbox 1145 2220 1200 2261; x_wconf 87' lang='lat'><strong>‘0</strong></span> <span class='ocrx_word' id='word_1_159' title='bbox 1229 2219 1275 2262; x_wconf 81' lang='grc' dir='ltr'><strong>δὲ</strong></span> <span class='ocrx_word' id='word_1_160' title='bbox 1304 2217 1433 2272; x_wconf 79' lang='grc' dir='ltr'><em>Κίλιξ</em></span> <span class='ocrx_word' id='word_1_161' title='bbox 1461 2218 1550 2259; x_wconf 89' lang='grc' dir='ltr'><em>κτλ.</em></span> <span class='ocrx_word' id='word_1_162' title='bbox 1609 2220 1652 2260; x_wconf 87' lang='lat' dir='ltr'><strong>ln</strong></span> 
     </span>
     <span class='ocr_line' id='line_1_27' title="bbox 204 2283 1699 2343; baseline 0.008 -18"><span class='ocrx_word' id='word_1_163' title='bbox 204 2285 271 2327; x_wconf 73' lang='lat' dir='ltr'><strong>his</strong></span> <span class='ocrx_word' id='word_1_164' title='bbox 311 2283 443 2337; x_wconf 79' lang='grc' dir='ltr'><em>Κίλιξ</em></span> <span class='ocrx_word' id='word_1_165' title='bbox 481 2290 698 2330; x_wconf 79' lang='lat' dir='ltr'><strong>scelestum</strong></span> <span class='ocrx_word' id='word_1_166' title='bbox 734 2295 876 2330; x_wconf 86' lang='lat' dir='ltr'><strong>notare</strong></span> <span class='ocrx_word' id='word_1_167' title='bbox 915 2292 1088 2332; x_wconf 85' lang='lat' dir='ltr'><strong>videtur.</strong></span> <span class='ocrx_word' id='word_1_168' title='bbox 1152 2294 1311 2333; x_wconf 87' lang='lat' dir='ltr'><strong>Nomen</strong></span> <span class='ocrx_word' id='word_1_169' title='bbox 1354 2284 1650 2343; x_wconf 79' lang='grc' dir='ltr'><em>ζωμοτάριχος,</em></span> <span class='ocrx_word' id='word_1_170' title='bbox 1698 2298 1699 2301; x_wconf 71' lang='grc'>’</span> 
     </span>
     <span class='ocr_line' id='line_1_28' title="bbox 205 2359 1674 2414; baseline 0.003 -20"><span class='ocrx_word' id='word_1_171' title='bbox 205 2366 286 2405; x_wconf 82' lang='lat' dir='ltr'><strong>quo</strong></span> <span class='ocrx_word' id='word_1_172' title='bbox 307 2359 472 2409; x_wconf 83' lang='lat' dir='ltr'><strong>proprie</strong></span> <span class='ocrx_word' id='word_1_173' title='bbox 502 2360 788 2400; x_wconf 74' lang='lat' dir='ltr'><strong>salsamentum</strong></span> <span class='ocrx_word' id='word_1_174' title='bbox 822 2373 913 2400; x_wconf 86' lang='lat' dir='ltr'><strong>cum</strong></span> <span class='ocrx_word' id='word_1_175' title='bbox 943 2362 1101 2401; x_wconf 80' lang='lat' dir='ltr'><strong>iusculo</strong></span> <span class='ocrx_word' id='word_1_176' title='bbox 1131 2364 1364 2414; x_wconf 84' lang='lat' dir='ltr'><strong>apparatum</strong></span> <span class='ocrx_word' id='word_1_177' title='bbox 1393 2360 1674 2412; x_wconf 32' lang='lat' dir='ltr'><strong>significatur,-</strong></span> 
     </span>
    </p>
   </div>
   <div class='ocr_carea' id='block_1_10' title="bbox 204 2422 1652 2551">
    <p class='ocr_par' dir='ltr' id='par_1_10' title="bbox 204 2422 1652 2551">
     <span class='ocr_line' id='line_1_29' title="bbox 206 2422 1652 2484; baseline 0.003 -22"><span class='ocrx_word' id='word_1_178' title='bbox 206 2422 388 2466; x_wconf 70' lang='lat' dir='ltr'><strong>fortasue</strong></span> <span class='ocrx_word' id='word_1_179' title='bbox 418 2427 468 2467; x_wconf 84' lang='lat' dir='ltr'><strong>ad</strong></span> <span class='ocrx_word' id='word_1_180' title='bbox 497 2429 750 2469; x_wconf 87' lang='lat' dir='ltr'><strong>irridendum</strong></span> <span class='ocrx_word' id='word_1_181' title='bbox 781 2430 996 2482; x_wconf 80' lang='lat' dir='ltr'><strong>Hippoclis</strong></span> <span class='ocrx_word' id='word_1_182' title='bbox 1025 2436 1231 2484; x_wconf 81' lang='lat' dir='ltr'><strong>stuporem</strong></span> <span class='ocrx_word' id='word_1_183' title='bbox 1263 2432 1432 2483; x_wconf 82' lang='lat' dir='ltr'><strong>spectat.</strong></span> <span class='ocrx_word' id='word_1_184' title='bbox 1490 2428 1562 2470; x_wconf 74' lang='lat' dir='ltr'><strong>cn·</strong></span> <span class='ocrx_word' id='word_1_185' title='bbox 1577 2429 1652 2469; x_wconf 78' lang='lat' dir='ltr'><strong>Ga-</strong></span> 
     </span>
     <span class='ocr_line' id='line_1_30' title="bbox 204 2493 999 2551; baseline 0.011 -20"><span class='ocrx_word' id='word_1_186' title='bbox 204 2493 410 2536; x_wconf 79' lang='lat' dir='ltr'><strong>saubonus</strong></span> <span class='ocrx_word' id='word_1_187' title='bbox 439 2497 489 2537; x_wconf 80' lang='lat' dir='ltr'><strong>ad</strong></span> <span class='ocrx_word' id='word_1_188' title='bbox 519 2500 668 2540; x_wconf 85' lang='lat' dir='ltr'><strong>Athen.</strong></span> <span class='ocrx_word' id='word_1_189' title='bbox 701 2499 761 2539; x_wconf 86' lang='lat'><strong>111</strong></span> <span class='ocrx_word' id='word_1_190' title='bbox 792 2512 832 2551; x_wconf 89' lang='lat' dir='ltr'><strong>p.</strong></span> <span class='ocrx_word' id='word_1_191' title='bbox 865 2500 945 2539; x_wconf 87' lang='grc'><strong>119</strong></span> <span class='ocrx_word' id='word_1_192' title='bbox 966 2513 999 2540; x_wconf 87' lang='lat' dir='ltr'><strong>c.</strong></span> 
     </span>
    </p>
   </div>
   <div class='ocr_carea' id='block_1_11' title="bbox 205 2583 465 2596">
    <p class='ocr_par' dir='ltr' id='par_1_11' title="bbox 205 2583 465 2596">
     <span class='ocr_line' id='line_1_31' title="bbox 205 2583 465 2596; baseline 0 562"><span class='ocrx_word' id='word_1_193' title='bbox 205 2583 465 2596; x_wconf 95' lang='lat' dir='ltr'><strong> </strong></span> 
     </span>
    </p>
   </div>
   <div class='ocr_carea' id='block_1_12' title="bbox 292 2635 770 2685">
    <p class='ocr_par' dir='ltr' id='par_1_12' title="bbox 292 2635 770 2685">
     <span class='ocr_line' id='line_1_32' title="bbox 292 2635 770 2685; baseline 0.006 -15"><span class='ocrx_word' id='word_1_194' title='bbox 292 2635 325 2678; x_wconf 76' lang='lat'><strong>*)</strong></span> <span class='ocrx_word' id='word_1_195' title='bbox 352 2637 391 2670; x_wconf 87' lang='lat' dir='ltr'><strong>v.</strong></span> <span class='ocrx_word' id='word_1_196' title='bbox 416 2639 506 2672; x_wconf 80' lang='lat' dir='ltr'><strong>Hist.</strong></span> <span class='ocrx_word' id='word_1_197' title='bbox 531 2640 605 2674; x_wconf 73' lang='lat' dir='ltr'><strong>crit.</strong></span> <span class='ocrx_word' id='word_1_198' title='bbox 630 2654 664 2685; x_wconf 84' lang='lat' dir='ltr'><strong>p.</strong></span> <span class='ocrx_word' id='word_1_199' title='bbox 691 2642 770 2676; x_wconf 79' lang='lat'><strong>398.</strong></span> 
     </span>
    </p>
   </div>
   <div class='ocr_carea' id='block_1_13' title="bbox 794 2714 1052 2723">
    <p class='ocr_par' dir='ltr' id='par_1_13' title="bbox 794 2714 1052 2723">
     <span class='ocr_line' id='line_1_33' title="bbox 794 2714 1052 2723; baseline 0 0"><span class='ocrx_word' id='word_1_200' title='bbox 794 2714 1052 2723; x_wconf 65' lang='lat' dir='ltr'>——u—</span> 
     </span>
    </p>
   </div>
  </div>
 </body>
</html>
