1656 3146
216 140 300 185 722

218 254 460 296 Aristoteles
488 264 584 294 num
616 255 665 294 ab
695 255 929 308 Antiphane
959 253 1104 297 irrisus
1132 254 1202 295 59.
1614 287 1617 290 -

218 323 461 366 Aristotelea
491 323 586 363 166.
615 323 724 376 apud
755 336 847 364 eum
875 323 1145 376 Epicharmus
1178 324 1269 365 149.
1300 324 1582 371 Anaxandride
1618 334 1635 347 ’“

271 392 411 444 primis
441 391 664 431 delectatus
692 393 787 433 201.
831 394 975 447 explic.
1004 392 1102 434 575.
1625 394 1635 411 “’

221 453 343 514 ἅρμα
374 461 505 500 iactus
535 461 699 501 talarius
729 462 823 502 233.

213 524 425 584 ”Aptans
456 530 672 569 mulierum
704 543 852 572 nomen
883 532 980 573 322.

219 594 430 652 ἀρτηρίαν
459 593 661 651 ἁρπάζειν
689 600 783 639 400.

219 663 317 722 ἄρτι
346 682 426 708 non
457 670 717 722 coniungitur
747 681 838 709 cum
869 669 1008 710 futuro
1040 671 1106 711 13.

219 732 403 791 ἆρτυσία
433 738 529 778 400.

218 802 401 861 ἅρτυλία
432 812 472 847 et
501 802 684 861 ἀρτυρία
716 821 837 850 voces
867 808 981 848 nihili
1009 808 1105 848 400.

917 936 974 979 Β.

218 1017 378 1071 Basta}
410 1018 549 1071 βαβαὶ
580 1022 677 1061 478.

218 1089 365 1130 Ballio
392 1090 673 1142 improborum
703 1091 910 1131 hominum
940 1105 1164 1144 cognomen
1195 1093 1291 1134 530.

218 1153 366 1210 βάψαι
395 1154 567 1209 ἀγγεῖον
595 1160 785 1200 immersa
814 1162 937 1201 trulia
966 1173 1109 1213 aquam
1137 1162 1303 1204 haurire
1334 1164 1399 1204 11.

216 1223 332 1281 βαρὺ
360 1233 402 1268 et
431 1225 568 1281 βᾶρον
599 1230 695 1280 quid
724 1229 850 1270 fuerit
877 1231 974 1271 576.

217 1298 418 1344 Basilides
447 1298 571 1338 homo
602 1298 786 1350 impurus
817 1301 910 1340 193.
941 1301 1028 1341 eius
1057 1314 1205 1342 nomen
1233 1302 1284 1341 ad
1313 1301 1548 1355 pudendum
1577 1315 1637 1349 ιιι,

272 1368 386 1407 lieris
415 1368 652 1407 translatum
682 1369 782 1408 ibid.
1303 1416 1306 1421 1
1631 1365 1635 1368 ’

213 1436 352 1477 Basilii
381 1437 564 1489 aenigma
595 1450 643 1476 ex
673 1438 904 1489 Antiphane
935 1450 1171 1490 expressum
1207 1439 1301 1479 113.

216 1499 406 1557 βατάνια
437 1511 479 1545 et
508 1501 701 1544 πατάνια
731 1507 827 1546 304.

214 1575 396 1615 Battalus
429 1578 470 1615 et
498 1576 675 1615 carmina
704 1575 887 1616 Battalea
916 1576 983 1616 32.

215 1640 507 1695 βαυκίζεσθαι
534 1646 630 1685 486.

215 1707 491 1766 βιβλιδάριον
519 1715 616 1754 446.

191 1833 199 1836 -
214 1778 417 1834 βιττακὸς
445 1783 473 1822 i.
505 1795 543 1834 q.
575 1779 786 1834 ψιττακὸς
814 1785 910 1826 268.

212 1852 416 1904 Blepaeua
446 1852 643 1904 trapezita
672 1853 768 1893 488.

213 1916 425 1974 βλοσυρὸς
453 1921 504 1962 ad
533 1923 708 1962 animum
739 1922 974 1962 translatum
1003 1923 1099 1963 200.

212 1990 381 2030 Boeotia
411 2003 460 2029 an
490 1991 671 2031 mulieris
702 2004 851 2032 nomen
880 1991 974 2032 126.

212 2054 494 2110 βολβιὸάριον
521 2060 617 2101 446.

211 2123 340 2179 βολὸς
370 2128 578 2169 decurtata
605 2127 736 2169 forma
765 2142 838 2182 pro
867 2123 1024 2180 ὀβολὸς
1049 2128 1144 2168 315.

211 2198 285 2238 bos
312 2210 463 2238 aeneus
492 2198 663 2239 Athenis
692 2199 854 2252 publice
883 2198 1037 2251 positus
1065 2197 1161 2238 561.

211 2267 335 2307 boves
364 2267 503 2319 Cyprii
533 2268 600 2308 69.

210 2330 491 2387 βούγλωσσον
520 2340 561 2375 et
590 2331 866 2388 βούγλωσσος
895 2336 988 2375 622.

210 2400 543 2457 βουτυροᾳάγας
574 2406 667 2447 186.

209 2471 374 2525 βρέχειν
401 2486 474 2525 pro
504 2472 744 2527 βρέχεσθαι
772 2488 852 2516 non
887 2477 1033 2517 dicitur
1061 2477 1156 2518 147.

208 2539 460 2595 βρέχεσθαι,
489 2543 679 2583 inebriari
708 2545 804 2585 147.

205 2608 359 2663 βρέτας
388 2611 440 2651 de
469 2611 634 2652 homine
665 2612 766 2651 duro
797 2614 889 2653 166.
1603 2659 1614 2667 ⁴,

201 2675 433 2734 Βριάρεως.
491 2680 592 2721 Eius
621 2693 767 2722 nomen
797 2682 847 2722 ad
876 2682 1061 2724 homines
1087 2683 1248 2726 feroces
1275 2686 1516 2729 translatum
