1702 3158
276 169 329 208 1⁰
836 167 1174 209 ANTIPHANIS

969 279 1019 318 ΙΙ.

970 359 1055 408 Τῆς
1084 354 1221 407 οἰκίας
1253 358 1302 399 τὸ
1331 359 1510 412 κλισίον,

377 437 407 481 ὅ
434 437 639 495 πρότερόν
668 438 769 481 ποτ’
798 431 852 490 ἦν
882 441 968 489 τοῖς
997 441 1041 493 ἐξ
1069 439 1201 496 ἀγροῦ
1230 441 1357 494 βουσὶ
1388 441 1592 498 σταθμός

378 526 449 565 καὶ
479 525 566 572 τοῖς
594 521 721 573 ὄνοις,
750 521 977 574 πεποίηκεν
1005 522 1297 580 ἐγραστήριον.

379 632 522 672 Ponux
555 632 608 672 IV
639 631 741 671 125:
779 627 828 669 τὸ
864 629 908 669 δὲ
946 628 1111 670 κλίσιον
1141 630 1188 670 ἐν
1215 627 1420 687 κωμῳδίᾳ
1449 628 1702 686 παράκειται

267 696 386 752 παρὰ
412 696 488 746 τὴν
519 693 660 738 οἰκίαν
688 696 1053 752 παραπετάσματι
1082 697 1363 753 δηλούμενον,
1403 700 1476 740 καὶ
1506 699 1598 741 ἔστι
1624 704 1702 755 μὲν

266 765 469 819 σταθμὸς
509 764 759 819 ὑποζυγίων.
815 768 888 807 καὶ
925 768 972 807 αἱ
1002 764 1140 822 θύραι
1169 767 1303 809 αὐτοῦ
1330 767 1496 823 μείζους
1526 769 1701 811 δοκοῦσι

264 832 521 889 καλούμεναι
556 832 792 884 κλισιάδες,
828 833 933 890 πρὸς
961 835 1010 876 τὸ
1040 837 1114 876 καὶ
1141 836 1217 885 τὰς
1246 834 1413 890 ἁμάξας
1442 833 1700 878 εἰσελαύνειν

262 906 336 945 καὶ
369 902 423 945 τὰ
461 902 718 961 σκευοφόρα.
781 903 828 944 ἐν
866 902 1157 961 Ἀντιφάνους
1191 903 1428 961 Ἀκεστρίᾳ
1463 907 1536 946 καὶ
1572 906 1700 960 ἐργα-

263 970 438 1029 στήριον
465 973 607 1025 γέγονε
637 972 687 1013 τὸ
715 970 980 1027 καλούμενον
1016 972 1181 1015 κλίσιον
1223 971 1250 1015 ὅ
1277 971 1485 1030 πρότερόν
1514 973 1616 1015 ποτ’
1644 967 1699 1026 ἦν

261 1044 350 1086 κτλ.
387 1046 501 1085 Haec
529 1050 735 1097 postrema
771 1046 810 1084 in
842 1046 930 1085 cod.
962 1047 1098 1085 Falck.
1129 1046 1185 1084 ita
1213 1045 1429 1097 leguntur:
1467 1041 1517 1084 τὸ
1544 1043 1698 1085 καλού-

193 1108 196 1113 ’
260 1126 391 1167 μενον
427 1110 605 1153 κλίσιον.
664 1112 776 1166 ᾳησὶ
810 1111 916 1163 γοῦν
951 1108 990 1152 εἰ
1025 1112 1110 1166 γὰρ
1148 1109 1212 1151 δι’
1249 1110 1531 1166 ἐργαστήριον
1560 1110 1697 1163 οἰκίας

260 1181 310 1223 τὸ
338 1179 504 1222 κλίσιον
531 1176 558 1220 ὂ
586 1176 791 1235 πρότερον
819 1180 907 1220 κτλ.
977 1184 1132 1234 Quibus
1173 1183 1227 1222 ita
1267 1195 1362 1222 usus
1399 1196 1487 1223 sum
1526 1189 1571 1224 ut
1600 1186 1695 1224 arti-

260 1254 394 1293 culum
425 1257 518 1291 ante
548 1243 685 1297 οἰκίας
715 1251 919 1291 adderem.
966 1252 1111 1292 Verbis
1141 1245 1182 1289 εί
1207 1248 1288 1304 γὰρ
1318 1246 1384 1290 δι’
1416 1249 1696 1306 ἐργαστήριον

260 1322 356 1374 quid
384 1321 614 1360 faciendum
643 1321 708 1369 sit,
738 1319 911 1359 fortasse
941 1321 1008 1359 alii
1039 1326 1196 1360 eruent.
1273 1322 1342 1362 Vt.
1370 1323 1395 1360 2
1439 1323 1695 1363 scribendum

258 1392 417 1431 videtur
444 1395 512 1430 aut
541 1383 568 1427 ὅ
596 1385 802 1442 πρότερον
829 1378 895 1438 ἦν,
925 1395 994 1430 aut
1023 1403 1115 1430 cum
1136 1391 1330 1430 Piersono
1348 1391 1397 1430 ad
1415 1391 1545 1431 Moer.
1564 1393 1693 1444 p.229

258 1455 286 1501 δ’
311 1456 413 1513 πρίν
443 1453 545 1497 ποτ’
577 1446 645 1506 ἦν.
711 1458 772 1497 De
799 1460 994 1499 vocabulo
1023 1455 1210 1507 κλισίον,
1247 1459 1355 1510 quod
1391 1460 1498 1511 apud
1538 1461 1693 1500 Attico·

256 1532 423 1584 primam
450 1528 676 1580 producere
705 1533 747 1566 et
775 1523 1075 1581 παροξυτόνως
1104 1527 1229 1567 scribi
1255 1528 1434 1579 Etymol.
1453 1529 1510 1567 M.
1529 1542 1568 1580 p.
1589 1529 1688 1578 52⁰,

256 1602 307 1640 21
340 1600 477 1646 docet,
495 1601 672 1650 'praeter
705 1596 941 1637 Piersonum
972 1598 999 1637 l.
1026 1597 1054 1637 Ι.
1084 1597 1176 1636 vide
1205 1596 1431 1648 Spohnium
1462 1598 1691 1638 Comment.

256 1671 307 1709 de
335 1670 481 1720 Odyss.
511 1667 583 1706 uit.
613 1678 652 1716 p.
685 1665 765 1704 147
794 1679 853 1716 sq.
913 1667 1106 1706 Ceterum
1135 1666 1242 1716 quod
1272 1666 1521 1717 Antiphanes
1548 1666 1590 1706 in
1617 1667 1694 1707 hac

255 1738 391 1778 fabula
429 1736 549 1783 fecit,
587 1737 631 1773 ut
669 1730 727 1787 τῷ
754 1729 902 1787 κλισίῳ
930 1746 1004 1785 pro
1035 1733 1222 1782 officina,
1259 1735 1387 1786 ipsius
1425 1735 1533 1775 haud
1569 1736 1691 1776 dubie

255 1806 447 1854 sut-tricis,
477 1808 676 1851 uteretur,
704 1803 813 1842 idem
831 1791 922 1841 eum
942 1802 1150 1853 probabile
1181 1806 1242 1842 est
1270 1802 1420 1843 fecisse
1443 1805 1485 1844 in
1506 1805 1689 1857 Aliptria.

939 1933 1012 1972 111.

365 2019 597 2061 Athenaeus
627 2016 724 2056 xm
755 2029 794 2069 p.
824 2016 906 2056 586
923 2029 967 2056 a:
1006 2009 1262 2068 μνημονεύει
1299 2009 1351 2052 δ’
1383 2009 1516 2063 αὐτῆς
1545 2015 1691 2064 (Sino-

253 2103 328 2144 pes
357 2088 601 2136 meretricis)
627 2080 900 2139 Ἀντιφάνης
928 2083 974 2123 ἐν
1000 2078 1183 2139 Ἀρκάδι
1211 2082 1283 2122 καὶ
1313 2081 1358 2122 ἐν
1387 2082 1615 2139 Κηπουρῷ,
1644 2084 1691 2124 ἐν

252 2153 507 2211 Ἀκεστρίᾳ,
548 2153 593 2193 ἐν
633 2150 929 2209 Ἀλιευομένῃ,
973 2151 1019 2192 ἐν
1061 2148 1277 2202 Νεοττίδι,
1319 2152 1394 2192 καὶ
1430 2148 1604 2203 ”Αλεξις
1645 2151 1691 2192 ἐν

258 2222 563 2280 Κλεοβουλίνῃ,
590 2223 662 2262 καὶ
695 2221 993 2276 Καλλικράτης
1021 2221 1066 2262 ἐν
1096 2219 1336 2274 Μοσχίωνι.

944 2346 1012 2387 lv.

365 2428 597 2469 Athenaeus
629 2429 704 2470 vu
733 2442 774 2482 p,
802 2429 884 2468 304
900 2442 936 2468 a.
974 2429 1105 2468 allatis
1143 2441 1192 2468 ex
1229 2424 1467 2478 Antiphanis
1508 2420 1690 2477 Κουρίδι

257 2498 459 2546 versibus,
499 2510 600 2552 quos
638 2498 743 2538 infra
782 2510 855 2538 suo
895 2492 986 2540 loco
1018 2498 1202 2546 exhibui,
1240 2497 1295 2538 ita
1334 2494 1489 2547 pergin
1527 2489 1688 2534 τούτων

259 2564 342 2608 τῶν
366 2560 575 2618 ἰαμβείων
602 2562 695 2605 ἔνια
724 2563 842 2606 ἔστιν
867 2563 1003 2621 εὑρεῖν
1030 2566 1105 2606 καὶ
1132 2565 1179 2605 ἐν
1204 2559 1451 2616 Ἀκεστρίᾳ.
