1702 3158
572 128 664 171 ΛΝ
670 129 713 171 Τ
719 126 932 171 ΥΛΛΟΣ.
1413 127 1496 169 281

25 253 170 295 eudem
205 249 385 291 dictione
424 245 611 287 Eubulus
650 245 811 286 Nutric.
842 243 948 285 258:
991 237 1053 295 μὴ
1097 237 1342 288 πολυτελῶς
1383 235 1497 279 ἀλλὰ

26 317 281 375 καθαρείως
317 310 345 358 ὅ
380 330 423 356 τι
460 309 516 356 ἂν
553 304 594 372 ᾗ.
680 318 770 369 Quo
813 327 934 356 versu
975 314 1100 354 etiam
1138 313 1356 366 Ephippus
1398 324 1496 352 usus

28 398 92 436 est
143 390 363 444 Obeliaph.
401 389 441 428 3.
520 387 639 428 Adde
686 399 791 439 quae
840 387 921 426 dixi
971 386 1022 426 ud
1070 384 1291 426 Menandri
1349 383 1499 435 fragm.

27 479 69 519 p.
98 465 196 505 271.
254 462 332 501 His
363 460 462 499 locis
492 452 744 511 καθαρείως
774 457 865 496 fere
897 456 1096 496 munditei
1137 468 1229 495 cum
1260 454 1501 507 frugaiitate

30 535 275 576 coniunctae
313 530 522 571 notionem
562 528 708 576 habet,
749 531 793 566 ut
831 526 939 579 apud
977 526 1168 566 Strabon.
1201 525 1260 564 111
1291 538 1331 578 p.
1363 524 1445 563 154
1464 535 1500 564 c.

30 599 264 657 καθαρίως
291 599 366 641 καὶ
394 596 535 646 λιτῶς.
592 623 646 630 —
704 599 775 639 Vs.
808 597 834 636 3
878 593 1035 647 νηττία
1065 597 1112 635 Β.
1172 590 1326 644 νήττια
1358 595 1406 635 Ο.
1447 617 1503 625 -

31 676 106 717 Vs.
140 673 167 713 5
196 666 438 725 ὀρνιθάρια
470 671 555 711 ΑΟ.
596 664 814 722 ὀρνιθίων
847 669 930 709 VL.
975 693 1030 699 —
1077 667 1148 707 Vs.
1179 668 1204 706 6
1229 660 1380 719 χάριεν
1409 659 1504 719 γάρ.

35 745 97 785 lta
136 742 418 789 Gasaubonus‚
458 741 535 779 nisi
575 740 685 790 quod
717 739 849 778 minus
890 742 1005 778 recte
1039 733 1191 790 χαρίεν
1229 737 1413 793 scripsit,
1453 722 1507 776 de

33 826 114 865 quo
144 812 354 852 admonuit
385 809 634 848 Dindorfius.
705 808 841 859 Vulgo
867 804 1039 863 χαίρειν
1069 810 1225 861 absque
1254 802 1357 861 γάρ,
1396 807 1507 860 quod

34 883 78 924 iu
100 881 309 936 *Stephani
336 879 479 921 codice
507 877 692 930 repperit
723 877 1003 919 Casaubonus.

719 1070 891 1115 oz’jnov’
919 1063 1059 1123 αὖθις

491 1154 658 1208 σηπίαν
687 1155 775 1199 ἀπὸ
804 1154 997 1212 τηγάνου

489 1241 758 1297 τολμήσαιμι
789 1244 947 1298 φαγεῖν
976 1239 1124 1298 μόνος.

154 1346 392 1388 Athenaeus
425 1346 484 1386 111
516 1361 554 1400 p.
586 1348 668 1387 108
687 1361 730 1387 c:
761 1342 930 1396 ἤσθιον
960 1345 1006 1386 δὲ
1034 1345 1110 1387 καὶ
1139 1340 1406 1397 τηγανιστὰς
1435 1356 1515 1393 ση-

43 1412 162 1464 πίας.
220 1410 525 1470 Νικόστρατος
555 1410 583 1465 ἢ
618 1414 877 1473 Φιλέταιρος
913 1415 959 1457 ἐν
995 1413 1225 1472 Ἀντύλλῳ
1255 1412 1395 1471 φησίν
1430 1409 1515 1454 Οὕ-

45 1483 148 1530 ποτ’
183 1474 324 1533 αὖθις
352 1484 442 1527 κτλ.
506 1488 566 1528 Ita
596 1488 778 1529 distinxit
818 1490 923 1530 haec
953 1491 1165 1530 Seidlerus
1196 1489 1246 1530 V.
1279 1489 1326 1528 D.
1359 1487 1514 1540 p.410‚

45 1561 113 1613 qui
134 1571 254 1598 versu
285 1558 417 1610 primo
448 1547 694 1609 οὕποτάὗ,
726 1565 766 1599 et
787 1561 1010 1610 Porsonus,
1040 1561 1110 1612 qui
1142 1561 1325 1600 tentabat
1354 1552 1512 1596 οὔποτ’

46 1624 101 1669 ἂν
128 1617 267 1675 αὖθις
296 1616 353 1666 αὗ
431 1629 568 1669 Possis
606 1632 729 1669 etiam
757 1625 966 1670 οὐδέποτ’
1001 1621 1139 1678 αὖθις
1170 1625 1240 1670 ἄν.
1298 1631 1424 1670 Certe
1462 1620 1518 1665 ἂν

47 1700 323 1742 necessarium
364 1703 439 1737 est.
510 1700 788 1741 Bernhardius
824 1702 1037 1742 Eratosth.
1076 1715 1117 1754 p.
1150 1701 1233 1741 142
1280 1700 1417 1739 locum
1466 1697 1519 1738 ad

49 1771 254 1815 trimetros
283 1770 523 1809 revocabat:
564 1766 704 1819 ὀπτὴν
735 1766 895 1811 οὔποτ’
927 1761 1069 1819 αὖθις
1099 1767 1295 1822 σηπίανΙ
1326 1765 1412 1807 απὸ
1444 1781 1519 1816 τη-

52 1835 185 1895 γάνου
221 1831 427 1891 ’τόλμησδ
460 1832 516 1877 ἂν
544 1837 759 1894 ἐμφαγεῖν
787 1838 945 1895 μόνος,
987 1842 1096 1895 quod
1136 1846 1246 1882 esset
1283 1852 1520 1893 „nunquam

57 1923 134 1965 ego
162 1921 325 1950 rursum
354 1922 478 1950 ausus
510 1913 684 1952 essem.”

390 2107 632 2151 AIIEAA
655 2107 963 2152 YNOMEN
983 2107 1080 2154 ΟΣ.
1143 2113 1183 2167 *)

193 2217 258 2269 Εὖ
286 2226 332 2281 γ’
362 2227 530 2286 ἄνδρες,
560 2223 606 2273 εὗ
637 2228 833 2289 σφόδρ’·
863 2229 975 2273 ἀλλὰ
1004 2230 1095 2287 μὴν
1125 2230 1180 2290 τῇ
1206 2226 1381 2287 ματτύῃ

196 2305 308 2353 οὕτω
338 2313 550 2368 διαθήσω
581 2316 636 2358 τὰ
664 2316 776 2373 μετὰ
805 2314 968 2370 ταῦθ’,
997 2311 1110 2358 ὥστ’
1140 2316 1293 2371 οἴομαι

198 2399 296 2442 οὐδ’
329 2397 466 2442 αὐτὸν
494 2398 600 2457 ἡμῖν
629 2401 786 2444 τοῦτον
816 2399 1010 2458 ἀντερεῖν
1039 2400 1117 2444 ἔτι.

175 2503 411 2545 Athenaeus
439 2505 538 2548 XIV
568 2521 608 2560 p.
632 2507 713 2546 664
731 2507 782 2546 b:
803 2498 909 2545 τὈτι
940 2503 987 2544 δὲ
1018 2497 1210 2544 ὕστατον
1238 2502 1312 2543 καὶ
1343 2501 1415 2542 ἐπὶ
1445 2500 1531 2541 πεῖ-

71 2581 141 2610 σιν
165 2565 402 2628 εἰσεφέρετο
431 2575 509 2626 (sc.
540 2571 566 2626 ἡ
595 2574 803 2630 ματτύη),
832 2570 1138 2629 Νικόστρατός
1154 2585 1293 2629 φησιν
1321 2571 1369 2613 ἐν
1392 2568 1530 2612 Ἀπε-

166 2713 197 2759 ·)
219 2715 262 2750 v.
283 2716 371 2755 nist.
388 2720 462 2756 crit.
485 2733 519 2767 p.
545 2721 625 2757 349.
