1702 3158
272 167 355 211 672
859 171 1141 214 EUBULUS.

687 278 1307 324 ΚΑΜΠΥΛΙΩΝ.

984 385 1015 424 1.

273 465 373 516 Quis
402 463 473 503 ille
502 464 667 516 primus,
697 467 787 517 quis
816 466 894 506 fuit
922 467 1150 507 mortalium

272 535 341 586 qui
370 535 562 574 Amorem
592 534 732 586 pinxit,
762 535 876 575 finxit
905 539 974 575 aut
1002 537 1191 588 primum,
1222 537 1390 579 alitem?

272 616 391 655 quam
421 604 590 655 pingere
618 604 689 644 ille
719 608 835 644 norat
865 605 920 645 nil
949 605 1026 645 nisi
1055 606 1307 657 hirundines,

272 685 430 713 morum
462 673 676 724 imperitus
704 674 823 714 unice
853 673 1083 726 Cupidinis:

270 755 404 795 neque
435 743 542 782 enim
571 742 642 781 ille
671 743 771 782 levis
800 746 868 782 aut
896 742 1028 782 facilis
1059 756 1230 784 excussu
1259 744 1373 794 deum,

271 824 362 852 cum
393 812 520 851 semel
550 812 591 850 in
623 812 746 851 corde
773 813 920 852 insevit
949 813 1260 865 aegritudinem,

271 882 343 922 sed
374 882 509 933 gravis
536 881 743 933 inprimis:
773 882 975 932 quomodo
1006 895 1104 934 ergo
1134 887 1251 934 aptus
1280 883 1388 923 foret

270 951 443 1003 pennis?
472 950 575 990 haec
604 950 785 1002 quisquis
814 950 926 999 dixit,
958 962 1083 1003 nugas
1113 950 1270 992 dixerit,

977 1047 1030 1086 11.

735 1129 865 1178 Quam
896 1129 1093 1169 coenabat
1121 1130 1324 1170 tenuiter!

271 1211 352 1239 non
380 1197 522 1237 itidem
552 1202 596 1237 ut
625 1197 720 1236 illae
750 1198 846 1238 totis
876 1210 979 1249 quae
1009 1200 1120 1250 porri
1149 1200 1282 1252 globis

270 1269 416 1308 buccas
446 1272 651 1307 tumentes
679 1267 857 1307 farciunt
887 1272 928 1307 et
958 1268 1131 1319 turpiter

271 1338 465 1378 nrrodunt
495 1350 663 1377 carnes:
694 1337 898 1377 modicum
928 1338 1001 1377 sed
1032 1338 1084 1378 de
1113 1338 1280 1391 singulis

270 1408 471 1460 gustabat,
502 1407 628 1447 instar
658 1407 825 1459 virginis
855 1407 1055 1447 Milesiae,

964 1504 1037 1544 111.

272 1588 307 1628 Ο
339 1591 466 1627 testa:
495 1599 585 1627 nam
616 1590 658 1626 te
687 1587 802 1626 finxit
831 1587 927 1626 olim
958 1587 1173 1628 Thericles
1229 1587 1231 1589 ’

271 1670 413 1698 cavum
444 1656 676 1697 diffundens
706 1657 811 1697 latus
840 1657 880 1697 in
911 1658 1233 1721 amplitudinem,

271 1727 437 1780 egregie
467 1739 640 1768 noscens
670 1727 820 1780 quippe
847 1726 1056 1779 ingenium
1086 1728 1313 1768 mulierum.

691 1889 1003 1933 ΛΑΚΩΝΕΣ
1029 1893 1081 1932 Η
1108 1893 1299 1936 ΛΗΔΑ.

271 1979 355 2018 lam
388 1977 544 2030 pridem
576 1978 733 2018 medius
760 1978 882 2017 fidius
916 1978 1056 2017 audire
1085 1978 1165 2018 hoc
1194 1979 1302 2019 domi
1344 2036 1345 2039 Ἴ

270 2047 456 2087 memini:
486 2060 639 2101 coquus
668 2048 703 2087 si
731 2047 936 2099 quippiam
966 2049 1208 2099 peccaverit,

270 2119 377 2171 apud
407 2130 477 2159 vos
508 2118 700 2170 vapulare
730 2129 780 2157 eo
810 2116 1030 2158 tibicinem.

756 2281 1228 2322 ΝΑΝΝΙΟΝ.

266 2369 459 2421 Quisquis
490 2368 702 2408 subsessor
729 2367 829 2407 iuris
858 2367 980 2407 alieni
1010 2371 1122 2407 toros

265 2438 439 2477 furtivos
469 2437 665 2489 sequitur,
696 2448 831 2475 nonne
859 2436 984 2475 homo
1014 2441 1076 2476 est
1105 2436 1367 2485 miserrimus,

265 2519 356 2548 cum
387 2507 507 2546 detur
535 2507 594 2546 illi
623 2506 721 2546 solis
749 2506 952 2558 inspicere
982 2505 1033 2545 ad
1061 2506 1178 2546 iubar

263 2577 406 2626 nudas,
437 2577 615 2629 digestas
644 2579 837 2627 tanquam
865 2576 908 2614 in
938 2575 1040 2614 aciei
1071 2576 1267 2624 ordinem,

262 2650 419 2687 stantes
449 2647 491 2685 in
521 2645 668 2686 nebula
696 2645 817 2694 linea,
848 2644 988 2696 quales
1019 2644 1152 2685 Padus

260 2717 367 2758 lavat
395 2715 553 2769 puellas
584 2715 711 2755 amnis
741 2714 832 2768 puri
861 2713 1041 2762 flumine,

1688 2885 1693 2946 ..ψη
1691 2824 1695 2873 ‚-„
1690 2589 1702 2797 ss-ncssffisae„;
1698 2522 1702 2574 „iffi
1700 2483 1702 2504 t,-
1698 2416 1700 2432 >v
1682 2363 1702 2381 Ἶ-
1701 2317 1702 2324 ⁴
