1702 3158
395 133 667 179 ΝΗΡΕΥΣ
721 161 776 170 -
833 129 1155 175 ΠΛΟΥΣΙΟΙ,
1435 133 1517 175 851

454 399 1108 454 Ν.ΗΡΕΥΣ.*)

216 542 311 589 Καί
339 558 406 585 τοι
436 538 549 584 πολύ
577 536 624 596 y'
661 537 768 582 ἔσθ’
802 535 951 593 ἥδιον·
983 538 1037 583 οὐ
1065 539 1148 596 γὰρ
1178 536 1234 581 ἄν
1264 555 1368 582 ποτε

214 629 364 675 ἔπινον
392 623 448 670 ἂν
477 628 570 685 τρὶς
600 621 774 681 ὕδατος,
806 626 929 669 οἴνου
959 624 1008 668 δ’
1035 622 1085 668 ἓν
1112 623 1267 682 μόνον.

159 746 398 788 Athenaeus
426 744 466 785 X
496 757 537 798 p.
568 744 652 784 426
672 756 707 784 c.
748 743 800 783 de
840 744 964 784 variis
1003 742 1085 783 vini
1126 743 1328 784 miscendi
1357 743 1523 796 generi-

48 820 126 860 bus
155 818 387 859 disserens:
418 811 488 855 διὸ
518 815 594 855 καὶ
622 810 863 864 Ἀναξίλας
891 811 937 853 ἐν
951 812 1098 864 munt
1121 809 1206 868 ἔφη
1225 810 1319 853 Καί
1348 827 1415 854 τοι
1431 813 1520 858 κτλ.

47 890 118 934 Vn.
148 890 176 930 2
204 882 260 928 ἂν
290 888 447 928 addidit
477 888 703 929 Porsonus.
764 886 874 926 Tum
904 882 998 939 τρὶς
1027 885 1112 926 AB.
1157 883 1268 939 τρεῖς
1298 886 1385 926 VL.

422 1117 1170 1165 ΟΡΝΙΘΟΚΟΜΟΙ.

218 1258 315 1301 Καὶ
343 1256 449 1313 πρὸς
477 1255 549 1298 ἐπὶ
580 1252 751 1305 τούτοις
779 1254 976 1306 τιθασὸς
1005 1251 1203 1312 οἰμώζων
1229 1248 1357 1308 ταῶς.

159 1375 398 1417 Athenaeus
443 1373 541 1416 xlv
583 1385 624 1426 p.
662 1372 813 1412 655a:
865 1368 1136 1424 Ἀναξίλαος
1182 1368 1526 1428 Ὀρνιθοκόμοις

48 1444 143 1488 Καὶ
171 1441 279 1502 πρὸς
306 1442 396 1486 κτλ.
457 1444 540 1486 Pro
570 1440 764 1491 τιθασὸς
794 1445 866 1486 AP
896 1440 1105 1494 τίθασος.

538 1689 1061 1734 ΠΛΟΥΣΙΟΙ.

773 1806 806 1847 Ι.

216 1884 504 1946 Διαρραγήτω
529 1882 712 1945 χᾶτερος
743 1888 932 1931 δειπνῶν
961 1903 1028 1939 τις
1057 1878 1119 1941 εὖ,

221 1973 283 2031 μὴ
313 1974 516 2027 Κτησίας
544 1971 695 2030 μόνος.
754 1974 811 2019 Β.
844 1974 887 2017 τί
916 1973 999 2032 γάρ
1029 1989 1078 2017 σε
1109 1970 1286 2029 κωλύεις

216 2061 276 2105 A.
308 2058 488 2103 δείπνου
517 2059 600 2116 γὰρ
629 2051 769 2111 οὗτος,
802 2058 860 2111 ὠς
888 2060 1092 2115 λέγουσιν
1119 2061 1163 2103 οἱ
1195 2061 1345 2118 σοφοί,

217 2143 368 2202 ἀρχήν,
396 2144 600 2198 τελευτήν
630 2143 680 2188 δ’
715 2144 892 2202 ἔμαθεν
920 2144 1220 2189 οὐδεπώποτε.

161 2262 400 2304 Athenaeus
428 2262 468 2303 X
497 2276 539 2316 p.
571 2263 655 2303 416
670 2276 715 2304 e:
754 2257 999 2314 Ἀναξίλας
1045 2260 1092 2302 δὲ
1133 2256 1157 2301 ὁ
1200 2256 1387 2314 κωμικὸς
1430 2259 1529 2314 περὶ

51 2328 253 2382 Κτησίου
291 2327 598 2385 διαλεγόμενος
634 2359 691 2367 —
725 2329 809 2374 κάν
846 2332 1090 2382 Πλουσίοις
1119 2327 1407 2387 Διαρραγήτω
1437 2329 1529 2374 κτλ.

51 2404 246 2445 Aelianus
275 2404 326 2446 V.
357 2404 412 2444 Η.
445 2403 463 2444 1
493 2404 572 2444 26:
598 2402 674 2443 καὶ
705 2402 911 2456 Κτησίαν
942 2404 989 2446 δέ
1018 2402 1132 2461 φησί
1160 2416 1261 2444 τινα
1288 2398 1530 2454 Ἀναξίλας

53 2467 79 2512 ὁ
106 2471 182 2523 τῆς
209 2470 440 2530 κωμῳδίας
482 2471 667 2526 ποιητὴς
705 2475 848 2517 πολλὰ
888 2473 1076 2518 ἐσθίειν.
1148 2476 1220 2518 Vs.
1252 2475 1274 2515 1
1322 2474 1529 2516 Iacobsius

56 2543 109 2583 nd
136 2545 285 2586 Athen.
314 2559 356 2599 p.
387 2547 493 2588 222:
537 2543 726 2611 δξιπνῶν
760 2561 841 2603 τις,
869 2541 912 2590 εἰ
935 2545 997 2603 μή
1028 2542 1232 2598 Κτησίας
1257 2539 1419 2600 μόνος,
1461 2558 1528 2588 se-

58 2617 208 2664 quente
233 2614 459 2666 Dindorfio.

150 2756 182 2799 ⁸)
207 2757 248 2791 V.
271 2757 362 2793 Hist.
386 2760 460 2796 crit.
484 2774 519 2808 p.
545 2764 626 2798 372.
