1702 3158
221 199 304 240 142
771 194 1112 238 ANTu‘HAle

220 308 355 357 fallor,
398 305 676 354 invehebatur,
721 305 790 356 qui
835 306 919 345 suis
962 306 1174 346 calumniis
1218 305 1328 345 urbis
1369 305 1478 346 illius
1521 318 1668 348 nomeu

220 377 447 416 reddebant
480 388 662 415 exosum.
720 375 822 414 Nam
854 375 922 425 qui
945 376 1127 416 Athenas
1159 375 1275 426 piper
1304 376 1484 426 aliasque
1514 389 1669 417 merces

221 445 458 498 peregrinas
493 445 534 484 in
568 445 687 484 Asiae
724 443 914 495 emporiis
955 449 1082 483 emtas
1120 445 1419 496 importabant,
1456 458 1531 496 per
1559 446 1669 486 calu-

221 515 370 554 mniam
400 515 440 553 in
464 514 690 565 periculum
722 513 864 564 capitis
895 513 1004 552 soliti
1034 514 1186 561 vocari,
1215 519 1415 564 tamquam
1445 515 1553 566 regis
1569 515 1670 555 Per-

221 596 355 623 sarum
385 584 677 634 speculatores,
709 594 787 621 non
820 586 1080 622 mercatores.
1139 583 1206 622 Sic
1236 583 1340 634 apud
1357 584 1669 635 Aristophanem

178 648 186 660 Χ
221 654 489 704 Megarenses
519 656 560 691 et
589 651 758 699 Boeoti,
800 651 868 702 qui
905 664 972 690 res
1002 664 1094 691 suas
1123 664 1270 691 venum
1300 653 1480 692 Athenas
1510 652 1670 693 defere-

220 724 342 770 bant,
372 727 559 772 tanquam
590 720 848 760 insidiatores
879 720 1120 760 deferuntur
1149 722 1461 773 vexanturque.”
1520 723 1670 764 Casuu-

220 792 366 830 bonus.
433 791 504 831 Vs.
535 790 558 828 1
602 789 694 829 libri
724 782 780 826 ἂν
807 790 887 840 μὲν
916 785 1001 842 ἄρα
1031 786 1181 842 nimpi
1210 803 1272 836 τις
1302 789 1425 844 4592]-
1484 792 1671 831 Correxit

223 859 469 899 Dindorfius.
538 858 751 898 Postrema
789 859 909 897 etiam
948 859 1005 897 sic
1043 861 1172 911 possis
1203 860 1410 912 corrigere
1439 855 1671 913 npcdgoevog

219 940 285 975 τις
319 925 499 981 ἐσφέρή,
541 933 584 967 ut
625 928 750 967 voluit
780 928 989 967 Dobraeu·
1018 928 1119 968 Adv.
1151 942 1189 980 p.
1219 930 1287 969 29.
1333 952 1386 959 —-
1433 931 1502 971 Vs.
1533 931 1559 969 2
1595 941 1670 981 pro

221 995 467 1052 γράφουσιν
504 997 744 1048 expectabas
785 991 1040 1049 γράφονται.
1113 998 1192 1037 Sed
1223 1000 1278 1038 ita
1308 1000 1428 1038 etiam
1461 998 1668 1050 Aristoph.

222 1071 294 1109 Av.
327 1068 460 1105 1052:
498 1060 651 1117 γράφω
682 1077 729 1103 σε
768 1062 926 1118 μυρίας
967 1061 1171 1118 δραχμάς.
1231 1069 1425 1107 lndicavit
1462 1069 1569 1108 hunc
1607 1069 1669 1107 lo-

222 1150 313 1176 cum
329 1135 767 1187 Schweighaeuserus3
796 1136 906 1174 idem
936 1140 1083 1183 tamen,
1115 1149 1204 1175 cum
1223 1138 1291 1177 cl)
1321 1138 1497 1176 habeant
1525 1131 1669 1191 γράφῃ

221 1219 296 1259 pro
327 1200 556 1258 γράᾳουσι,
590 1205 818 1257 suspicatur
843 1198 989 1259 γράφῃ
1019 1196 1087 1246 οὗ.
1124 1232 1179 1238 --
1217 1207 1288 1248 Vs.
1318 1207 1343 1245 3
1372 1212 1466 1246 ante
1497 1207 1670 1246 Dindor-

222 1277 321 1318 num
350 1269 588 1327 περιϊόντα.

894 1378 1002 1419 ΧΙΧ.

1002 1457 1159 1500 (Ιίτοσὶ
1193 1459 1239 1500 ὁὲ
1269 1474 1339 1501 σοι

442 1541 522 1583 τοῦ
552 1539 809 1584 λευκοτάτου
838 1539 1012 1585 πάντων
1041 1541 1189 1584 ἐλαίου
1217 1543 1449 1599 Σαμιακοῦ

442 1624 562 1667 ἔστιν
587 1622 830 1681 petemus-p

331 1740 567 1781 Athenaeus
596 1739 634 1780 ΙΙ
663 1754 704 1793 p.
722 1741 775 1779 66
793 1740 835 1780 fe
863 1738 1096 1792 Σαμιακοῦ
1112 1736 1258 1780 ἐλαίου
1276 1735 1534 1793 μνημονεύει
1561 1736 1669 1783 ’Λν-

222 1804 406 1862 τιφάνης
448 1803 476 1855 ἢ
514 1803 689 1857 ”Angue
731 1804 894 1848 Οὑτοσὶ
933 1810 977 1849 δέ
1015 1822 1085 1849 σοι
1113 1807 1202 1850 κτλ.
1274 1811 1342 1851 Vs.
1372 1812 1400 1850 2
1438 1808 1670 1863 Σαμιακοῦ

221 1879 291 1919 CD
324 1882 366 1918 et
396 1878 502 1918 MSS
533 1879 775 1919 casauboni.
833 1880 905 1921 VI.
934 1877 1135 1931 σαμικοῦ.
1193 1881 1481 1933 Fragmentum
1510 1881 1590 1922 hoc
1619 1895 1670 1924 ex

211 1939 366 2002 ’Ὕπνῳ
395 1948 567 2000 petitum
597 1947 778 1997 videtur,
817 1961 921 2000 quae
950 1950 1087 1990 sabula
1116 1950 1166 1990 ab
1196 1950 1283 1990 aliis
1313 1950 1470 1990 Alexidi
1498 1951 1547 1990 ab
1577 1951 1668 1991 aliis

220 2018 439 2071 Antiphani
465 2018 732 2057 tribuebatur.

903 2129 992 2169 XX.

814 2207 898 2251 ‘'Ev
927 2207 1099 2263 νόσημα
1129 2207 1250 2251 τοῦτ’
1283 2207 1390 2264 ἔχει·

384 2291 452 2335 ἀεὶ
481 2293 562 2350 γὰρ
591 2291 815 2346 ὀξύπεινός
844 2294 948 2337 ἐστι.
1006 2296 1058 2338 B.
1097 2294 1315 2336 Θετταλὸν
1344 2293 1475 2346 λέγεις

386 2378 543 2437 κομιδῇ
572 2378 649 2420 τὸν
676 2376 830 2433 ἄνδρα.

333 2495 568 2535 Athenaeus
599 2493 638 2532 11
668 2507 708 2545 p.
726 2493 780 2532 47
797 2492 845 2531 b:
877 2486 925 2528 τὸ
956 2488 1000 2528 δὲ
1030 2486 1251 2540 ὀξύπεινος
1281 2485 1399 2542 παρὰ
1427 2483 1593 2541 Διφίλῳ
1613 2501 1685 2525 --42

223 2560 295 2601 καὶ
327 2556 602 2618 Ἀντιφάνης
634 2556 719 2600 ’Ἐν
758 2556 930 2609 νόσημα
968 2558 1056 2599 κτλ.
1128 2562 1187 2599 De
1218 2559 1399 2599 Hercule
1438 2558 1542 2596 dicta
1579 2569 1702 2596 esse.

224 2632 426 2673 coniicias.
485 2634 676 2673 Fortasse
705 2632 829 2684 igitur
857 2630 908 2671 ad
927 2630 1152 2682 Omphalen
1182 2630 1296 2670 locus
1324 2626 1566 2668 referendus
1597 2630 1674 2683 est,
