1702 3158
718 150 848 197 ιΩΝ.
1242 211 1247 219 .
1441 154 1526 197 223

136 307 145 316 ,
167 275 412 319 Athenaeus
440 270 541 316 V111
572 283 613 324 p.
644 269 726 311 347
744 269 794 310 d:
832 261 1040 322 καθάπερ
1076 261 1160 320 γὰρ
1188 263 1234 305 ἐν
1262 265 1360 314 ταῖς
1387 279 1527 319 γεννι-

55 345 151 394 καῖς
205 340 430 398 εὐωχίαις,
467 342 615 397 φησὶν
657 339 704 380 ἐν
758 335 913 390 Ἰξίονι
954 333 1202 391 Εὔβουλος,
1245 332 1429 391 ἀμύλων
1470 365 1526 374 .-

55 415 367 469 ἐσκευασμὲνα,
396 406 511 454 οὕτω
539 426 617 467 μοι
646 408 769 451 δοκεῖ’
791 410 866 450 καὶ
895 406 920 450 ὁ
950 403 1255 464 λεβητοχάρων
1280 404 1529 459 Οὐλπιανὸς

55 487 194 544 μηδὲν
240 488 320 540 μὲν
364 483 537 526 ἐσθίειν
576 480 663 523 τῶν
707 477 838 536 ἀνδρὶ
881 474 1219 542 προσηκόντων.>
1289 480 1530 523 Dindorfius

59 562 183 602 etiam
214 559 340 599 verba
369 551 578 610 καθάπερ
608 550 704 608 γάρ,
733 567 839 606 quae
855 553 1059 596 Athenaei
1089 565 1180 594 esse
1208 551 1414 603 videntur,
1443 554 1530 595 Eu-

58 633 158 674 bulo
187 629 388 672 attribuit.

675 779 803 821 152
863 780 922 823 Ν.

778 894 811 934 I.

286 977 484 1038 Τρυβλία
515 977 562 1020 δὲ
591 973 669 1020 καῖ
698 973 894 1031 βατάνια
923 976 998 1018 καὶ
1028 972 1247 1032 κακκάβια
1275 976 1352 1019 καί

281 1061 478 1108 λοπάδια
507 1063 582 1106 καὶ
612 1058 808 1104 πατάνια
836 1059 998 1103 πυκινὰ
1024 1062 1198 1118 ταρφέα

281 1147 409 1193 κούδ’
438 1145 496 1190 ἂν
525 1148 661 1202 λέγων
691 1146 876 1202 λέξαιμι.

120 1228 131 1239 ’
176 1239 416 1281 Athenaeus
448 1237 504 1278 lV
532 1250 575 1290 p.
607 1236 688 1275 169
706 1233 744 1275 f:
784 1227 1011 1286 Εὔβουλός
1050 1226 1097 1272 δ’
1128 1230 1176 1272 ἐν
1195 1228 1322 1273 Ἴωνι
1348 1234 1424 1274 καὶ
1454 1233 1537 1288 βα-

64 1302 193 1349 τάνια
220 1307 294 1348 καὶ
323 1301 520 1348 πατάνια
551 1304 665 1358 λέγει
693 1303 738 1344 ἐν
769 1299 940 1351 τούτοις
974 1299 1173 1358 Τρυβλία
1211 1302 1299 1344 κτλ.
1369 1306 1536 1348 Partem

65 1380 146 1422 loci
174 1379 363 1433 apposuit
381 1377 581 1418 PolluxX
612 1377 714 1417 106:
744 1373 819 1415 καὶ
848 1369 1074 1427 κακκάβην
1102 1371 1183 1425 τὴν
1213 1369 1390 1415 λοπάδα
1417 1374 1537 1431 ἐρεῖς,

66 1445 263 1498 εἰπόντος
304 1442 686 1504 Ἀριστοφάνους,
732 1442 813 1496 τὴν
857 1440 1084 1499 κακκάβην
1120 1443 1201 1500 γάρ
1242 1444 1317 1486 κᾶε
1356 1445 1435 1487 τοῦ
1472 1446 1538 1489 δι·-

67 1515 302 1562 ὃασκάλου.
361 1517 408 1559 ἐν
446 1513 492 1557 δ’
524 1514 754 1571 Εὐβούλου
783 1512 911 1556 Ἴωνι
949 1514 1119 1571 εἴρηται
1153 1514 1351 1572 Τρυβλία
1387 1517 1434 1559 δὲ
1463 1519 1540 1560 καὶ
1571 1554 1575 1556 ⁷

69 1587 263 1633 πατάνια
295 1591 417 1641 (sic)
454 1587 530 1628 καὶ
566 1584 783 1639 κακκάβια
824 1587 899 1627 καὶ
937 1583 1143 1628 λοπάδια.
1203 1584 1261 1635 ὥς
1301 1587 1447 1645 ἕτερον
1467 1585 1537 1642 ’ὃν

71 1657 193 1716 παρὰ
221 1656 302 1709 τὴν
331 1654 508 1699 λοπάδα
538 1655 677 1713 τούτῳ
705 1656 764 1714 τῷ
793 1654 998 1710 σχήματι.
1047 1659 1278 1700 Permirum
1308 1666 1447 1702 autem
1477 1666 1542 1704 est

72 1726 266 1786 βατάνια
305 1735 347 1771 et
386 1724 582 1770 πατάνια
631 1734 824 1781 tanquam
872 1728 1032 1768 diversa
1071 1730 1220 1782 pocula
1258 1732 1452 1785 coniungi
1491 1734 1541 1774 ab

71 1803 251 1846 Eubulo.
325 1802 397 1844 Vs.
429 1804 450 1841 1
493 1796 590 1850 καί,
626 1800 737 1852 quod
776 1799 891 1838 initio
931 1799 1103 1838 secundi
1131 1813 1274 1841 versus
1312 1802 1542 1855 legebatur,

72 1875 114 1916 in
145 1875 272 1915 finem
302 1873 426 1925 primi
454 1883 598 1912 versus
627 1870 771 1910 reduxi
802 1869 922 1910 Curis
951 1868 1040 1910 erit.
1071 1882 1113 1922 p.
1129 1870 1198 1911 20.
1257 1872 1405 1924 Neque
1434 1873 1544 1914 enim

72 1948 188 1987 reete
223 1943 464 1985 Erfurdtius
502 1955 592 1982 eam
630 1941 816 1981 voculam
855 1939 1025 1988 abiecit,
1065 1940 1267 1992 siquidem
1303 1938 1545 1997 κακκάβιον

75 2014 436 2069 antepenultimam
475 2012 660 2065 corripit.
731 2010 905 2063 Reisigii
944 2010 1148 2052 rationem
1187 2013 1376 2055 Coniect.
1416 2028 1457 2068 p.
1487 2017 1543 2056 27

77 2088 222 2128 merito
259 2084 506 2138 improbavit
544 2082 758 2123 Hanovius
795 2083 945 2122 Exere.
977 2082 1067 2123 crit.
1097 2095 1138 2136 p.
1170 2084 1265 2124 125.
1310 2110 1365 2117 —
1416 2086 1488 2128 Vs.
1517 2087 1546 2126 8

79 2157 230 2198 frustra
265 2155 519 2197 Fritzsehius
548 2154 718 2194 Dissert.
758 2153 810 2192 de
839 2152 1049 2205 Aristoph.
1081 2153 1198 2195 Daet.
1229 2168 1270 2207 p.
1303 2156 1379 2196 13:
1413 2151 1546 2196 κούδ’

80 2220 138 2266 ἂν
165 2225 299 2279 λέγων
327 2219 528 2277 λήξαιμι,
569 2224 680 2276 quod
717 2236 770 2264 ne
808 2223 1038 2263 sententiae
1076 2224 1245 2276 quidem
1286 2230 1428 2279 aptum
1468 2231 1545 2269 est.

79 2298 186 2342 vide
214 2310 319 2351 quae
347 2294 430 2336 dixi
458 2294 510 2336 nd
539 2294 723 2336 Alexidis
752 2294 898 2334 Lebet.
930 2294 965 2335 V
998 2294 1066 2334 19.

251 2487 382 2532 Μετὰ
411 2487 551 2530 ταῦτα
581 2484 765 2530 θύννων
788 2481 1118 2544 μεγαλόπλουτ’
1147 2487 1389 2531 ἐπεισέπλει

250 2569 518 2629 ὑπογάστρι’
549 2569 712 2624 ὀπτῶν,
739 2568 834 2615 αἵτε
863 2570 1194 2628 λιμνοσιὸματοι

251 2655 462 2699 Βοιώτιαι
491 2657 697 2713 παρῆσαν
726 2658 878 2715 ἒχέλεις
907 2656 1019 2701 θεαί

255 2738 393 2782 τεῦτλ’
424 2738 736 2799 ἀμπεχόμεναι.
