1702 3158
1652 47 1687 75 ‘it-2«

1662 81 1665 88 ,

254 147 338 188 572
806 147 1163 189 MNESIMAcffl

257 259 328 301 Vs.
359 259 412 299 16
454 256 857 311 διαλαιμοτομεῖται
895 271 976 299 non
1007 263 1069 298 eat
1091 272 1171 312 per
1197 258 1337 313 gulam
1367 260 1512 312 agitur
1539 261 1602 301 vel
1629 257 1695 305 aa.

256 329 451 382 glutitur,
480 329 552 369 sed
583 328 727 367 eodem
758 339 878 368 sensu
909 328 1060 368 dictum
1091 330 1252 369 videtur
1282 340 1361 379 quo
1388 329 1581 370 Horatius
1601 330 1696 383 pora

256 411 346 437 rum
374 411 446 437 seu
476 411 601 450 caepe
630 398 838 438 trucidari
868 397 979 436 dixit.
1039 421 1092 428 -—-
1149 398 1220 438 Vs.
1252 398 1302 436 17
1333 395 1494 451 κρατὴρ
1523 395 1696 452 ἐξερροὲἑ

256 461 387 517 βὸητ’
420 463 551 505 οἴνου.
611 467 846 506 Eustathius
876 466 927 504 ad
958 466 1102 518 Odyss.
1133 480 1172 519 p.
1203 467 1313 505 1719
1343 467 1421 506 43:
1460 463 1509 505 τὸ
1539 467 1693 524 κρατὴρ

257 532 307 574 δ’
336 531 629 587 ἐξερροίβδητ’
668 533 789 575 οἴνου
827 533 923 574 ἴσον
960 533 1017 589 τῷ
1054 530 1301 584 ἐξηντλήθη
1341 534 1414 573 καὶ
1451 532 1527 585 ἔξω
1557 533 1693 581 πίθοι’

255 599 409 656 ἐφάνη.
466 629 521 635 —
579 605 646 646 Vs.
679 607 731 645 18
767 606 858 645 libri
888 600 1090 643 λείπεται.
1151 605 1372 654 „Fortasse
1402 603 1574 644 λέπεται
1603 607 1694 648 scri*

256 674 448 722 bendum,
491 674 599 724 quod
639 675 806 714 verbum
847 687 971 726 quum
1014 675 1177 727 proprie
1218 674 1326 714 idem
1366 675 1566 727 significet
1594 676 1695 727 quod

256 737 503 782 ἀποτυλοῦν
524 770 534 789 ,
581 748 723 795 postea
771 744 823 783 de
874 744 1012 795 quavis
1059 745 1280 796 petulantia
1328 744 1479 783 dictum
1526 746 1694 790 videtui-3

255 814 381 855 Verte
423 814 547 865 igitur
593 813 747 853 cordax
781 814 1025 866 petulanter
1062 814 1262 854 luxuriat.
1333 814 1568 855 Athenaeus
1605 807 1696 857 xlv

255 896 296 936 p.
315 883 397 922 663
413 895 447 922 c.
479 882 599 921 allato
623 882 801 922 Alexidis
831 884 937 931 loco,
966 883 1006 922 in
1038 895 1117 934 quo
1147 883 1338 922 mulieres
1368 879 1600 935 προπόσεις
1630 881 1695 923 πίέ

255 962 366 1000 νειν,
404 949 622 989 λέπεσθαι
661 955 702 990 et
728 947 985 1002 ματτυάζειν
1012 952 1227 999 iubentur,
1264 951 1368 991 haec
1397 952 1529 992 addit:
1566 950 1624 1008 τῷ
1653 951 1697 994 δὲ

255 1019 474 1060 λέπεσθαι
496 1017 684 1071 χρῶνται
714 1018 755 1058 οἱ
788 1016 1035 1069 Ἀθηναῖοι
1061 1018 1133 1059 ἐπὶ
1157 1015 1366 1070 ’ἀσελγοῦς
1393 1021 1464 1060 καὶ
1495 1019 1699 1075 φορτικῆς

255 1085 325 1129 δι’
368 1084 639 1142 ἀφροδισίων
681 1084 877 1137 ἡδονῆς.”
950 1091 1064 1130 Haec
1108 1094 1202 1129 ante
1245 1090 1321 1130 hos
1364 1090 1526 1142 triginta
1568 1088 1699 1132 ferme

253 1172 380 1200 annos
421 1159 564 1209 scripsi
605 1159 645 1198 in
685 1158 989 1210 Programmate
1026 1159 1269 1199 scholastico
1307 1172 1410 1199 anno
1453 1159 1697 1206 MDcccxl

254 1229 378 1269 edito.
453 1229 570 1268 Nunc
598 1228 706 1267 idem
738 1229 823 1268 sive
854 1229 1079 1268 Porsonum
1109 1229 1194 1269 sive
1223 1228 1452 1269 Dobraeum
1481 1229 1699 1273 coniecisse

254 1310 304 1338 ex
331 1296 452 1337 huius
482 1296 652 1336 Advers.
683 1296 722 1336 11
752 1310 792 1348 p.
822 1297 904 1337 323
933 1297 1138 1350 cognitum
1167 1301 1241 1338 est.
1300 1298 1438 1338 Minus
1466 1302 1578 1339 recte
1606 1298 1698 1342 Diov-

255 1367 410 1407 dorfius
439 1366 656 1406 verborum
686 1367 998 1417 transpositione
1035 1368 1169 1407 locum
1199 1367 1331 1407 sanari
1358 1380 1479 1419 posse
1508 1364 1695 1418 crediditi

255 1430 469 1488 πρόποσις
495 1435 640 1488 χωρεῖ·
669 1430 856 1487 Ικόρδαξ
885 1432 1089 1476 λείπεται.
1119 1433 1424 1476 ἀκολασταίνει
1451 1436 1458 1489 Ι
1480 1434 1580 1483 νοῦς
1606 1446 1697 1488 μειρ

255 1500 429 1559 ρακίων.
498 1505 578 1544 Pro
603 1498 764 1557 κόρδαξ
794 1505 900 1546 PVL
941 1499 1150 1557 σκόρδαξ,
1190 1518 1294 1558 quae
1331 1506 1462 1546 forma
1501 1506 1610 1546 haud
1639 1511 1696 1549 tot

255 1588 370 1617 mere
399 1574 624 1614 damnanda
654 1578 728 1614 est.
791 1598 838 1604 —
900 1575 969 1615 Vs.
1001 1577 1052 1614 19
1082 1573 1314 1629 μειρακίων
1342 1567 1696 1627 Ξοῑιινείςὴαοιιιαὶ

255 1658 340 1686 rus.
396 1644 530 1695 Vulgo
557 1639 793 1696 μειρακίου.
833 1646 905 1685 AB
934 1641 1166 1697 μειράκιον.
1225 1670 1279 1677 -—
1335 1645 1407 1687 Vs.
1436 1647 1490 1685 20
1520 1642 1574 1684 τὰ
1600 1636 1697 1689 udi-3

258 1713 379 1754 ωθεν
408 1708 498 1751 ἄνω
526 1727 582 1753 sc.
613 1712 827 1762 τιθεῖσιν,
860 1715 967 1765 quod
997 1721 1111 1755 recte
1138 1716 1332 1767 supplere
1363 1715 1522 1755 videtur
1549 1716 1697 1758 Reiness

256 1786 342 1826 sius
371 1784 421 1824 ad
453 1784 616 1823 l‘etron.
646 1784 700 1822 63
730 1797 769 1835 p.
790 1785 883 1824 319.
929 1785 1133 1824 lacobsius
1162 1780 1332 1831 πάντως
1363 1779 1411 1823 δ’
1438 1780 1577 1826 ἔνδον.
1617 1778 1696 1828 Dei

256 1855 404 1895 braeus
434 1847 565 1891 πάντ’
594 1847 688 1891 ἔστ’
722 1848 860 1892 ἔνδον.
917 1876 969 1887 -.-
1030 1854 1099 1894 Vs.
1129 1855 1180 1892 21
1213 1855 1333 1905 vulgo
1362 1850 1578 1906 μέμνηθ’.
1630 1852 1695 1897 AB

256 1917 502 1977 μέμνησθ’.
559 1922 591 1962 C
630 1917 838 1973 μέμνησ’.
896 1947 950 1958 --
1009 1924 1077 1964 Vs.
1109 1925 1162 1963 22
1207 1924 1470 1964 casaubonus
1507 1920 1696 1978 zdouecg}

256 1984 395 2041 οὗτος,
425 1990 604 2044 βλέψον.
665 1992 868 2031 Iacobsius
896 1986 1055 2040 αὕτως,·
1093 1993 1284 2032 Fortasse
1313 1999 1427 2033 recte
1456 1993 1580 2035 habet
1611 1996 1695 2036 edin

254 2067 355 2110 tum,
383 2063 424 2101 in
454 2073 534 2112 quo
562 2061 655 2100 vide
685 2074 736 2101 ne
765 2061 861 2112 quid
891 2062 1150 2103 obscenitatis
1179 2063 1314 2103 lateat.
1374 2065 1475 2103 Cum
1506 2066 1611 2107 enim
1639 2067 1696 2110 fai

255 2133 408 2180 mulus,
452 2131 599 2170 auditis
636 2143 739 2182 quae
786 2131 837 2171 de
874 2143 1028 2174 summa
1071 2132 1112 2171 in
1159 2132 1342 2172 convivio
1378 2136 1554 2185 nequitia
1593 2132 1696 2184 dicti

257 2206 386 2250 eraut,
415 2201 503 2252 ipse
533 2201 654 2248 etiam
684 2200 893 2240 libidinem
926 2203 1036 2240 vultu
1066 2206 1266 2253 gestuque
1295 2204 1513 2255 proderet,
1568 2210 1696 2257 nequ!i

256 2271 307 2311 ad
335 2270 521 2310 mandata
550 2271 646 2309 satis
676 2274 852 2309 attentus
883 2283 974 2309 esse
1002 2271 1221 2319 videretur,
1251 2275 1535 2324 percommode
1565 2277 1613 2315 ab
1642 2268 1695 2316 ali

257 2345 347 2380 tero
376 2339 519 2379 inferri
549 2344 770 2390 potuerunt
798 2340 920 2378 verba
952 2336 1123 2391 χάσκεις
1162 2337 1310 2391 mahog,-
1352 2344 1478 2395 quid?
1523 2350 1570 2384 ττι
1612 2333 1696 2398 ipsi)

254 2409 402 2464 patulo
443 2410 587 2448 adstas
627 2410 727 2449 ore?
783 2410 928 2459 quibus
959 2410 1131 2450 hominis
1163 2417 1203 2450 et
1232 2413 1481 2452 oscitantiam
1512 2420 1552 2454 et
1581 2411 1696 2466 εὕρω

259 2475 477 2531 πρωκτίαν
502 2479 642 2530 tangit.
707 2479 837 2517 Simili
867 2479 1129 2531 ambiguitate
1157 2482 1280 2520 verbo
1305 2465 1482 2533 χάσκειν
1511 2497 1606 2524 usus
1637 2486 1695 2526 es!

258 2549 562 2590 Anaxandrides
599 2549 756 2587 Protes.
788 2548 805 2587 1
836 2549 901 2587 66.
969 2549 1042 2588 Cfr
1082 2551 1287 2602 Aristoph.
1330 2553 1451 2605 Vesp.
1484 2555 1606 2594 1484.
1643 2547 1694 2588 Α

258 2619 329 2660 Vs.
358 2619 413 2659 23
450 2619 570 2670 vulgo
600 2612 782 2669 φράζεις.
839 2618 943 2658 ABG
975 2614 1166 2670 φράσεις.
1228 2620 1259 2658 Ρ
1290 2616 1460 2673 φράζεις
1496 2615 1699 2675 (super-Q

259 2688 410 2740 scripto
438 2687 498 2737 σ).
558 2688 659 2729 lbid.
691 2682 821 2740 δευρί,
850 2684 937 2734 πῶς
966 2688 1107 2743 scripsi
1133 2693 1299 2731 auctore
1328 2691 1526 2750 Dobraeq.
1586 2691 1694 2733 Libri
