1702 3158
237 172 290 212 12
780 167 1123 211 ANTIPHANIS

234 280 428 324 Valcken.
457 279 507 321 ad
537 279 678 332 Eurip.
707 279 832 332 Hipp.
849 280 930 319 123
960 284 1004 320 et
1033 280 1162 332 intpp.
1191 278 1388 332 Hesychii
1417 292 1454 322 v.
1486 274 1676 333 βάπταν.

234 376 287 382 -
324 351 397 392 Vs.
423 349 451 389 4
488 344 548 400 μὴ
589 348 744 389 addidit
781 349 998 389 Piersonus
1034 349 1085 388 ad
1114 347 1278 388 Moerin
1309 361 1349 402 p.
1378 350 1460 390 216
1500 353 1542 390 et
1579 355 1676 392 anta

233 418 474 459 Piersonum
513 417 788 457 Casaubonus.
856 416 959 456 lbid.
1000 410 1145 468 πίοιμ’
1176 416 1259 456 ΒΡ.
1326 417 1433 468 Quid
1468 419 1520 458 sit
1543 403 1676 459 'gp-w,

232 485 389 540 θέριον
424 478 540 537 ὕδωρ
578 480 718 523 πίνειν
757 485 895 525 docuit
926 486 1191 526 Casaubonus
1226 485 1348 525 allato
1377 487 1595 528 Enatathio
1624 489 1675 529 ad

234 556 380 610 odyss.
410 568 450 607 p.
481 551 590 594 1747
620 555 696 593 10:
733 550 779 592 ἐν
810 549 966 606 ”Αργει
998 548 1207 606 Κυνάδρα
1236 548 1390 606 κρήνη,
1419 553 1464 605 ἐξ
1500 546 1550 604 ἧς
1579 552 1675 596 ἔπι-

232 636 310 664 νον
349 622 392 662 οἱ
427 617 794 674 ἐλευθερούμενοι.
850 615 964 661 ὅθεν
1000 619 1048 661 τὸ
1086 620 1132 661 ἐν
1172 618 1385 678 Κυνάὸρᾳ
1424 621 1674 679 ἐλευθέριον

232 686 348 746 ὕδωρ
376 687 672 743 παροιμιακῶς
699 688 770 730 ἐπὶ
800 688 875 739 τῆς
901 685 999 730 κατ’
1030 687 1284 744 ἐλευθερίαν
1313 689 1431 741 ζωῆς.
1468 694 1550 734 Sed
1567 695 1674 736 male

230 764 341 804 idem
369 774 418 801 ex
453 761 519 800 his
556 760 690 799 verbis
728 759 884 812 colligit
919 773 1081 800 scenam
1120 761 1312 801 dramatis
1340 775 1363 801 a
1391 766 1512 813 poeta
1539 764 1673 816 Argos

229 833 359 873 fuisse
387 829 634 870 translatam.
668 829 756 868 Nec
785 827 960 867 dubitari
989 832 1125 880 potest
1158 830 1254 880 quin
1282 827 1531 882 ἐλευθέριον
1557 824 1673 885 ὕδωρ

231 897 373 942 πίνειν
405 911 487 939 non
518 898 651 937 minus
679 897 850 937 Athenis
890 910 1009 949 quam
1045 897 1152 950 apud
1179 899 1354 950 Argivos
1390 899 1584 940 usitatum
1611 900 1674 940 ‹li-

231 970 351 1013 cendi
386 979 516 1020 genus
552 966 678 1005 fuerit
713 965 764 1005 de
800 967 929 1006 servis
957 967 999 1005 in
1029 966 1258 1006 libertatem
1288 967 1519 1008 vindicatis.
1577 968 1698 1022 Ipse'

231 1038 494 1082 casaubonus
523 1035 657 1074 attulit
687 1034 859 1073 Pausan.
892 1034 1079 1073 Corinth.
1110 1035 1177 1074 17.
1221 1034 1296 1075 Cfr
1325 1036 1532 1078 Xenarchi
1561 1038 1670 1079 Peu-

229 1107 348 1149 tathl.
391 1106 554 1157 Fragm.
594 1103 646 1142 11.
688 1099 785 1154 ἐμοὶ
826 1100 990 1152 γένοιτο
1029 1099 1278 1156 ἐλευθέριον
1320 1103 1508 1145 πιοῦσαν
1549 1097 1672 1147 οἶνον

229 1172 499 1221 ἀποθανεῖν,
529 1171 598 1211 ubi
627 1171 742 1210 bibax
772 1171 1012 1211 muliercula
1036 1171 1170 1212 vinum
1199 1186 1274 1225 pro
1305 1187 1407 1226 aqua
1435 1177 1667 1218 nominavit.

229 1248 422 1288 Ceterum
462 1241 603 1281 confer
632 1240 899 1292 Hesycffium,
942 1234 1209 1293 Ἐλεύθερον
1248 1234 1382 1295 ὕδωρε
1429 1241 1476 1282 ἐν
1513 1240 1669 1299 ”Αργει

229 1309 316 1354 ἀπὸ
359 1309 434 1360 τῆς
476 1304 706 1360 συναγείας
749 1309 856 1361 (leg.
901 1303 1159 1362 Κυνάδρας)
1210 1306 1385 1351 πίνουσι
1426 1309 1583 1367 κρήνης
1623 1313 1667 1354 οἱ

228 1375 582 1435 ἐλευθερούμενοι
621 1374 707 1416 τῶν
748 1371 948 1427 οἰκετῶν,
1007 1374 1080 1416 διὰ
1122 1375 1170 1417 τὸ
1213 1379 1286 1419 καὶ
1330 1377 1406 1420 τὸν
1449 1381 1668 1443 Κέρβερον

227 1448 334 1494 κύνα
362 1444 498 1503 ταύτῃ
529 1443 762 1501 διαδρᾶναι
790 1445 863 1486 καὶ
891 1444 1262 1501 ἐλευθερωθῆναι.

603 1659 1286 1708 AAIEYOMENH.

925 1785 956 1824 Ι.

396 1864 483 1915 Τὰς
512 1864 673 1917 σηπίας
702 1863 776 1914 δός
804 1864 990 1921 πρῶτον.
1043 1860 1281 1918 Ἠράκλεις
1307 1863 1430 1920 ἄναξῑ

387 1944 563 1992 ἅπαντα
592 1948 903 1991 τεθολώκασιν.
952 1944 1004 1991 οὐ
1031 1947 1175 2001 βαλεῖς
1204 1940 1337 1990 πάλιν

388 2029 448 2082 εἷς
477 2031 558 2084 τὴν
586 2029 823 2074 θάλατταν
851 2032 925 2072 καὶ
954 2030 1146 2084 πλυνεῖς;
1172 2029 1233 2085 μὴ
1262 2030 1380 2088 φῶσί
1407 2046 1467 2085 σε,

389 2113 565 2172 Δωριάς,
595 2112 802 2164 ἀλούτους
832 2110 992 2165 σηπίας
1019 2110 1257 2169 εἰληφέναι.

331 2202 359 2245 5
387 2198 463 2241 τὸν
491 2196 686 2255 κάραβον
715 2198 759 2239 δὲ
789 2195 913 2241 τόνδε
942 2194 1048 2252 πρῦς
1075 2196 1152 2247 τὰς
1178 2195 1385 2253 μαινίδας

386 2279 570 2331 ἀπόδος·
601 2279 739 2336 παχύς
766 2297 825 2335 γε,
855 2280 907 2332 νὴ
937 2278 1027 2324 Δί’.
1076 2272 1142 2323 ἷΩ
1174 2280 1258 2322 Ζεῦ
1286 2278 1350 2329 τίς
1378 2294 1494 2333 ποτε,

384 2356 417 2405 ὦ
448 2365 745 2419 Καλλιμέδων,
776 2367 821 2406 σε’
850 2360 1044 2405 κατέδετ’
1077 2361 1176 2420 ἄρτι
1202 2363 1288 2404 τῶν
1315 2362 1480 2418 φίλωνς

381 2444 521 2496 οὐδεὶς
549 2444 595 2497 ὃς
623 2444 678 2489 ἂν
705 2446 765 2502 μὴ
794 2447 1018 2506 κατατιθῇ
1045 2445 1121 2497 τὰς
1149 2443 1384 2501 συμβολάς.

386 2526 495 2584 ὑμᾶς
524 2524 570 2571 δ’
602 2529 734 2583 ἔταξα
763 2531 886 2587 δεῦρο
916 2530 1022 2586 πρὸς
1051 2529 1105 2572 τὰ
1134 2527 1252 2581 δεξιά

307 2616 360 2655 10
389 2610 574 2668 τρίγλας,
603 2611 763 2668 ἔδεσμα
792 2615 870 2657 τοῦ
896 2613 1030 2657 καλοῦ
1059 2612 1411 2662 Καλλισθένους·

388 2694 613 2737 κατεσθίει
641 2697 746 2750 γοῦν
773 2700 843 2741 ἐπὶ
871 2697 955 2757 μιᾷ
983 2696 1061 2748 τὴν
1090 2694 1256 2740 οὐσίαν.
