1702 3158
589 158 949 204 ΛΜΑΛΘΕΙΑ.
1433 161 1518 204 205

497 307 1052 353 ΑΜΑΛΘΕΙΑ.

222 421 492 483 Θερμότερον
521 420 549 476 ἢ
579 419 866 481 κραυρότερον
894 418 923 475 ἢ
950 421 1093 479 μέσως
1121 418 1233 477 ἔχον,

217 509 339 554 τοῦτ’
372 508 482 554 ἔσθ’
517 508 681 568 ἑκάστῳ
709 509 855 566 μεῖζον
883 505 912 560 ἢ
947 506 1112 566 Τροίαν
1139 506 1260 551 ἑλεῖν.

216 595 331 652 κᾶγώ
363 595 445 652 γὰρ
474 593 527 638 οὐ
556 596 782 637 καυλοῖσιν
812 591 913 637 οὐδὲ
943 591 1105 652 σιλφίῳ

218 681 319 725 οὐδ’
352 679 588 739 ἱεροσύλοις
618 682 692 722 καὶ
722 682 895 737 πικραῖς
925 678 1150 737 παροψίσι

162 771 190 811 5
219 767 398 822 βολβοῖς
427 765 472 807 τ’
502 764 694 821 ἐμαυτὸν
719 762 950 820 χορτάσων
979 761 1194 817 ἐλήλυθα.

216 848 248 892 α’
275 850 326 893 δ’
359 851 419 901 εἴς
448 847 492 892 τ’
523 847 694 900 ε’ὄωὸὴν
722 848 874 905 πρῶτα
902 849 978 891 καὶ
1007 847 1154 908 ῥώμης
1182 847 1327 905 ἀκμήν

213 938 288 989 καὶ
317 934 423 993 πρὸς
451 932 622 989 ὑγίειαν
652 930 814 987 ,πάντα
845 931 980 975 ταῦτ’
1012 931 1268 990 ἐδαινύμην,

216 1023 341 1079 κρέας
370 1018 518 1076 βόειον
547 1017 699 1076 ἑφθὸν
727 1016 969 1062 ἀσόλοικον
995 1021 1124 1076 μέγα,

216 1103 478 1165 ἀκροκώλιόν
508 1121 552 1147 τε
582 1101 791 1161 γεννικόν,
826 1102 943 1148 ὀπτὰ
973 1102 1190 1162 δελφάκια

138 1197 193 1237 10
220 1191 446 1235 ἁλίπαστα
475 1189 590 1249 τρία.
656 1198 668 1202 “

162 1281 401 1323 Athenaeus
418 1281 457 1321 11
474 1295 511 1334 p.
529 1281 583 1320 63
601 1280 654 1320 d:
683 1274 850 1320 τούτων
872 1275 1090 1331 (βολβῶν)
1102 1273 1321 1334 ‘Hm-dmg
1349 1276 1527 1322 ἐσθίειν

53 1353 329 1407 παραιτεῖται
369 1350 414 1391 ἐν
448 1346 715 1407 Ἀμαλθείᾳ
747 1345 978 1402 Εὐβούλου
1013 1348 1151 1403 λέγων
1185 1347 1458 1407 Θερμότερον
1496 1347 1527 1403 ἢ

51 1419 337 1478 κραυρότερον
371 1419 461 1463 κτλ.
533 1425 759 1464 Aversatur
798 1422 910 1462 cibos
950 1422 1307 1464 condimentorum
1347 1425 1524 1465 artificio

54 1499 268 1548 corruptos
297 1507 374 1535 nec
404 1493 625 1546 quidquam
655 1493 708 1533 ad
736 1493 971 1546 augendum
1011 1494 1196 1547 corporis
1225 1482 1527 1537 robur'conse-

55 1570 206 1606 rentes.
267 1567 378 1607 Vs.l
415 1561 716 1618 κραυρότερον,
747 1565 856 1616 quod
875 1564 1296 1618 Schweighaeuserus
1327 1567 1381 1607 de
1410 1567 1526 1608 arido

54 1635 119 1694 ve!
150 1635 202 1676 de
230 1640 376 1675 tenero
407 1637 499 1675 cibo
528 1636 837 1688 interpretatur,
869 1649 947 1688 ego
978 1636 1030 1674 de
1060 1648 1184 1676 carne
1214 1638 1352 1689 paullo
1384 1639 1527 1680 durius

55 1710 188 1747 assata
230 1706 474 1759 intelligam.
549 1706 724 1746 Photius
768 1705 868 1745 Lex.
910 1719 950 1758 p.
982 1706 1087 1746 177:
1129 1703 1528 1762 κραυρότερον,

57 1770 455 1830 εὖθραυστότερον,
487 1771 788 1830 σκληρότερον.
848 1775 1024 1816 Videtur
1059 1776 1110 1816 ad
1140 1777 1252 1818 hunc
1278 1779 1411 1831 ipsum
1443 1783 1531 1822 Eu-

56 1847 143 1889 buli
179 1847 316 1887 locum
355 1843 581 1900 respiceffie.
646 1848 761 1888 Male
791 1847 1058 1887 casaubonus
1100 1851 1143 1887 et
1172 1848 1447 1897 Ruhnkenius
1477 1852 1529 1893 ad

59 1918 166 1959 Tim.
197 1932 236 1970 p.
268 1919 350 1957 168
394 1923 553 1958 tentant
590 1912 888 1972 κρυερώτερον,
926 1931 1000 1970 pro
1041 1931 1122 1970 quo
1153 1914 1428 1974 ψυχρότερον
1466 1923 1529 1963 di-

59 1989 233 2029 cendum
263 1987 424 2030 fuisset.
474 1989 689 2029 Sententia
719 1990 800 2029 loci
825 1989 928 2029 haec
958 1993 1041 2029 est:
1077 1988 1284 2032 Meliusne
1314 1993 1432 2033 cibus
1458 2008 1530 2035 sa-

52 2060 164 2114 piat,
192 2060 231 2099 si
258 2058 443 2100 calidior
466 2074 522 2100 an
550 2061 590 2100 si
617 2060 764 2100 durior
794 2074 850 2100 an
883 2059 923 2100 s'i
954 2060 1225 2102 mediocriter
1252 2077 1344 2104 sese
1371 2065 1529 2107 habens

60 2129 123 2180 (h.
153 2142 192 2169 e.
225 2142 301 2170 nec
330 2130 496 2170 nimium
526 2144 603 2171 nec
633 2143 775 2183 parum
819 2132 884 2171 vel
923 2130 1079 2171 calidus
1110 2132 1175 2171 vel
1208 2132 1355 2186 durus)
1397 2150 1527 2190 appo-

60 2206 198 2250 natur,
227 2201 275 2240 id
301 2202 396 2241 veio
425 2201 646 2241 delicatuli
673 2203 811 2241 nostri
837 2203 1012 2242 maioris
1030 2204 1230 2243 momenti
1257 2218 1346 2245 esse
1369 2213 1530 2259 putant

63 2284 184 2325 quam
210 2270 377 2311 Troiam
405 2273 576 2326 cepisse.
635 2271 831 2324 Spectant
859 2272 965 2313 haec
994 2274 1045 2313 ad
1074 2280 1296 2326 praecepta
1325 2279 1424 2317 artis
1455 2291 1527 2320 cu-

62 2340 231 2382 linariae
267 2343 407 2383 multis
445 2343 578 2383 modis
617 2355 640 2382 a
681 2344 822 2395 coquis
860 2343 1111 2384 comicorum
1154 2344 1315 2387 iactata.
1384 2350 1526 2391 Alexis

62 2410 270 2465 Pannych.
308 2413 348 2453 1:
397 2411 683 2466 θερμοτέροις
718 2408 886 2467 χαίρεις
924 2410 992 2453 ἀεὶ
1034 2413 1124 2462 τοῖς
1161 2410 1370 2470 ὀψαρίοις
1406 2412 1435 2468 ἢ
1473 2417 1524 2460 τὸ

62 2479 196 2534 μέσον
223 2475 251 2531 ἢ
279 2482 526 2537 κατωτέρως
556 2483 769 2537 Sosipater
797 2485 906 2538 apud
937 2485 1087 2527 Athen.
1119 2486 1178 2527 IX
1206 2500 1248 2540 p.
1277 2487 1418 2529 378&

975 2556 1049 2596 καὶ
1082 2551 1187 2596 πότε

174 2615 372 2675 εὔκαιρον
401 2618 547 2664 αὐτῶν
573 2622 667 2665 ε’στι
696 2622 782 2665 τῶν
811 2621 939 2680 ὄψων
968 2622 1024 2665 τὰ
1051 2627 1132 2680 μὲν

174 2687 323 2744 θερμὰ
351 2693 639 2747 παραθεῖναι,
666 2691 720 2735 τὰ
749 2691 798 2734 δ’
830 2694 1059 2746 ἐπανέντα,
1089 2693 1143 2737 τὰ
1172 2695 1218 2738 δὲ
1246 2696 1403 2752 μέσως,

177 2755 232 2798 τὰ
261 2756 310 2799 δ’
339 2755 448 2812 ὅλως
475 2760 783 2819 ἀποψύξαντα.
