1702 3158
319 173 365 215 A
374 172 409 214 Κ
420 169 860 215 ONTIZOMENH.
918 169 1076 212 ΑΛΕΙ
1076 169 1126 210 Π
1129 169 1290 212 ΤΡΙΑ.
1485 171 1535 212 11

483 311 1119 356 AKONTIZOMENH.

935 433 1098 477 Γείτων
1124 431 1218 477 ἐστί
1249 447 1314 482 τις

235 518 441 575 κάπηλος.
499 513 627 572 οὗτος
655 517 808 574 εὐθύς,
837 515 954 564 ὅταν
978 519 1102 562 ἔλθω
1133 520 1239 563 ποτέ

239 606 434 664 διψῶσα,
463 603 598 663 μόνος
627 597 715 648 οἶδ’
746 601 804 657 ὡ’ς
833 603 878 661 y’
911 606 1009 663 ἐμοὶ
1038 601 1313 661 κεράννυται,

237 689 351 734 οὔθ’
384 690 543 749 ὑδαρὲς
571 689 673 734 οὔτ’
705 689 910 749 ἄκρατον,
969 683 1070 734 οἶδα
1104 687 1156 731 δ’
1187 686 1266 743 ἐγώ
1290 688 1403 731 ’ποτε

238 775 417 820 πιοῦσα.

180 879 419 923 Athenaeus
448 882 487 923 X
515 896 556 937 p.
586 880 668 921 441
686 881 735 921 b:
771 870 865 920 οἷαι
894 875 947 919 δ’
975 871 1062 919 εἰσὶ
1092 875 1213 932 παρὰ
1241 875 1331 926 τοῖς
1351 868 1543 924 Ἕλλησι

66 944 323 1003 μεθύουσαι
351 948 401 990 αἱ
428 948 626 1004 γυναῖκες
654 946 964 1006 παραδίδωσιν
996 947 1275 1003 Ἀντιφάνης
1302 948 1385 1002 μὲν
1413 944 1460 985 ἐν
1487 941 1542 1002 τῇ

67 1014 407 1078 Ἀκοντιζομένῃ
442 1012 556 1062 οὕτω
587 1018 751 1061 Γείτων
779 1019 871 1063 κτλ.
944 1021 1015 1065 νε.
1047 1022 1074 1062 2
1115 1017 1239 1061 ἔλθω
1271 1019 1542 1061 casaubonus

70 1103 147 1144 pro
175 1087 337 1134 ἐλθών.
395 1081 544 1142 ἦλθον
572 1106 714 1147 margo
745 1093 793 1135 P.
851 1118 907 1127 ·—
964 1094 1038 1136 νε.
1068 1093 1095 1133 3
1125 1097 1220 1134 ante
1251 1091 1541 1133 Casaubonum

72 1152 202 1205 οἶδεν.
251 1164 284 1204 Β
313 1153 440 1206 εἶδεν.
501 1164 659 1205 Ibidem
700 1164 1123 1218 Schweighaeuserus
1160 1155 1230 1211 ὥς.
1259 1156 1303 1215 γ’
1335 1159 1433 1216 ἐμοὶ
1464 1172 1540 1214 pro

70 1226 129 1282 a‘t'c
157 1233 204 1287 γε’
229 1247 321 1288 μοι.

451 1429 767 1473 ΑΛΕΙΠ
806 1430 1053 1477 ΤΡΙΑ.
1112 1435 1153 1484 ·)

186 1550 294 1595 Ἐὰν
322 1552 368 1596 δὲ
396 1549 741 1611 τούργαστήριον
770 1553 922 1607 ποιῆτε
951 1551 1230 1611 περιβόητον,

188 1639 454 1692 κατασκεδῶ,
483 1638 535 1690 νὴ
567 1638 649 1691 τὴν
675 1638 811 1696 φίλην
839 1637 1063 1697 Δήμητρα,
1096 1639 1180 1692 τὴν
1206 1637 1419 1695 μεγίστην

191 1718 432 1777 ἀρύταιναν
459 1720 580 1778 ὑμῶν
609 1722 654 1764 ἐκ
681 1724 820 1778 μέσον
850 1721 1043 1780 βάψασα
1074 1725 1153 1766 τοῦ
1182 1724 1364 1778 λέβητος

186 1805 353 1857 ζέοντος
382 1800 564 1856 ὕδατος·
594 1801 636 1847 εἰ
661 1807 707 1848 ὸὲ
734 1804 810 1863 μή,
840 1805 1074 1862 μηδέποθ’
1108 1803 1226 1863 ὕδωρ
1256 1807 1403 1862 πίοιμι

189 1889 454 1948 ἐλευθέριον.

189 1995 424 2038 Athenaeus
453 1997 514 2038 111
543 2011 585 2051 p.
618 1997 763 2038 1231„
805 1987 875 2037 ὅτι
909 1993 992 2052 γὰρ
1021 1994 1202 2037 οἴδασιν
1237 1995 1312 2048 (οἱ
1340 1991 1545 2050 ἀρχαῖοι)

78 2062 253 2120 θερμὸν
279 2058 397 2122 ὕδωρ
416 2063 608 2116 Εὔπολις
634 2068 716 2121 μὲν
742 2066 790 2109 ἐν
801 2063 966 2122 Δήμοις
995 2064 1265 2124 παρίστησιν
1295 2069 1387 2118 (Fr.
1404 2068 1545 2119 xxu)

89 2131 349 2192 Αντιφάνης
378 2133 428 2178 δ’
458 2136 506 2179 ἐν
530 2135 743 2196 Ὀμφάλῃ
772 2141 961 2196 (Fragm.
991 2141 1083 2193 11)·
1114 2138 1160 2180 ἐν
1191 2135 1240 2179 δ’
1268 2134 1547 2193 Ἀλειπτρίᾳ,

4 2219 8 2222 ·
78 2205 257 2263 φέρεται
286 2205 335 2249 τὸ
366 2206 513 2264 δρᾶμα
538 2209 613 2250 καὶ
641 2206 700 2259 ὠς
724 2206 968 2264 Ἀλέξιδος,
1005 2207 1119 2251 Ἐὰν
1149 2208 1195 2250 δὲ
1224 2204 1548 2263 τούγαστήριον

76 2276 166 2319 κτλ.
236 2281 353 2321 Haec
392 2281 553 2322 dicebat
589 2282 736 2323 ancilla
777 2280 854 2331 τῆς
904 2277 1179 2336 άλειπτρίας,
1220 2281 1547 2322 adolescentium

81 2350 152 2404 qui
181 2351 491 2393 comessabundi
519 2351 634 2394 fores
664 2354 882 2407 pulsabant
905 2353 1174 2407 petulantium
1203 2352 1420 2404 castigans,
1451 2364 1549 2403 pro-

84 2422 201 2475 priae
228 2421 423 2463 infamiae
451 2428 579 2465 metu.
639 2425 700 2465 lta
728 2430 844 2466 recte
874 2426 1155 2467 Casaubonus.
1215 2423 1286 2465 Vs.
1313 2422 1334 2461 l
1367 2418 1550 2468 ποιῆται

79 2492 163 2533 BP.
204 2517 259 2525 —
298 2493 369 2535 Vs.
398 2494 426 2534 2
463 2492 721 2548 καταπερδῶ
750 2498 799 2537 Β.
839 2521 896 2528 -
952 2497 1024 2539 νε.
1055 2496 1082 2535 3
1111 2489 1355 2548 ἀρύταιναν
1384 2490 1548 2546 βάψαι,

81 2564 274 2604 immerw
318 2564 444 2606 trulla
485 2579 637 2620 aquam
682 2568 876 2618 haurire,
914 2567 1134 2608 illustravit
1175 2566 1442 2608 Gasaubonus
1496 2566 1547 2606 ad

85 2631 294 2687 Theophr.
326 2635 448 2676 Char.
480 2636 538 2677 IX
566 2651 607 2690 p.
638 2638 721 2680 225
761 2643 802 2680 et
838 2652 942 2692 quos
974 2637 1394 2692 Schweighaeuserus
1425 2637 1547 2683 affert

180 2777 210 2821 ·)
233 2779 274 2813 v,
298 2780 384 2816 nist.
404 2782 477 2819 crit.
502 2794 535 2827 p.
560 2784 640 2819 393.
