1656 3146
269 161 352 202 ⁰78
878 157 1106 200 AMl’ms.

611 265 1367 315 ΑΜΠΕΛΟΥΡΓΟΣ.

979 352 1010 392 Ι.

270 423 333 465 Ad
362 434 479 463 casus
509 422 634 462 tristis
663 421 742 461 vita
772 425 873 472 quos
901 421 1106 462 hominum
1137 425 1256 476 capit,

269 493 423 533 nullum
452 495 538 531 arte
569 495 630 530 est
659 489 767 529 aliud
797 490 952 530 dulcius
981 492 1182 533 solatium.

267 575 358 602 nam
389 560 608 614 disciplinis
638 572 729 600 sese
757 560 945 612 ingenuis
975 573 1178 614 occupans

265 645 339 672 sua
367 632 470 672 maia
497 643 610 671 mens
641 630 729 670 sine
760 640 879 669 sensu
909 633 1249 686 praeternavigat.

975 714 1027 754 ΙΙ.

266 784 419 835 Quibus
449 784 555 823 male
583 783 767 822 homines
797 795 883 823 rem
914 788 1130 836 gesserunt
1159 784 1199 824 in
1230 785 1344 833 locis,

263 853 314 893 ad
344 867 391 894 ea
419 867 464 894 se
492 865 652 893 rursum
681 864 762 892 non
791 853 966 892 libenter
994 854 1211 905 applicant.

551 1018 1420 1065 ΓΥΝΑΙΚΟΚΡΑΤΙΑ.

853 1105 970 1144 Lude
999 1117 1046 1144 ao
1076 1105 1195 1146 bibe:

260 1172 440 1212 mortalis
470 1173 571 1214 vita:
607 1174 751 1226 exigua
780 1175 821 1214 in
851 1174 972 1214 terris
1002 1175 1180 1214 aevitas:

260 1254 369 1282 mors
398 1243 634 1283 immortaiis
664 1249 814 1294 autem,
842 1249 1055 1297 postquam
1086 1241 1268 1295 evenerit

261 1312 387 1352 semel
416 1313 567 1353 moriri.
599 1315 637 1363 *)

652 1442 1324 1489 ΔΙΘΥΡΑΜΒΟΣ.

966 1530 1020 1570 11.

261 1598 339 1639 Ain
368 1602 427 1648 tu,
457 1602 498 1639 et
526 1611 664 1651 speras
693 1600 734 1640 id
764 1611 1032 1654 persuasurus
1060 1598 1172 1647 mihi,

261 1672 461 1707 amantem
491 1681 582 1709 esse
613 1670 789 1722 aliquem
820 1670 889 1722 qui
919 1668 1190 1709 adulescentis
1219 1668 1392 1722 diligens

259 1750 394 1778 mores
423 1738 630 1787 honestos,
659 1739 805 1779 faciem
835 1752 914 1779 non
948 1738 1207 1779 consideret?

261 1820 399 1847 amens
431 1808 640 1860 profecto:
673 1822 805 1860 neque
835 1822 912 1861 ego
943 1813 1011 1847 aut
1042 1808 1150 1847 istud
1181 1807 1374 1858 creduim,

258 1882 327 1916 aut
356 1890 575 1929 pauperem
607 1879 733 1918 uuum
763 1880 830 1930 qui
859 1891 983 1930 saepe
1013 1877 1139 1916 aditet
1170 1877 1334 1919 divitem

259 1958 342 1987 non
371 1947 522 1999 aliquid
549 1949 645 1988 inde
674 1948 781 1988 velle
808 1949 1067 2000 impetratum
1096 1947 1187 1988 sibi.

801 2117 1166 2165 ΕΡΙΘΟΙ.

262 2205 444 2246 Iucunda
473 2207 651 2248 solitudo
682 2221 800 2260 quam
828 2221 896 2248 res
926 2220 1050 2248 aurea
1080 2208 1161 2248 est!

258 2287 430 2327 namque
457 2289 555 2328 ager
584 2277 815 2318 hominibus
844 2290 965 2317 verus
996 2282 1059 2316 est
1087 2277 1194 2316 vitae
1223 2278 1339 2329 pater

259 2346 327 2396 qui
356 2345 467 2386 solus
497 2347 607 2385 novit
636 2351 915 2400 paupertatem
945 2346 1219 2394 abscondere3

258 2419 299 2454 at
328 2416 424 2454 urbs
454 2415 656 2456 theatrum
685 2418 847 2470 plenum
878 2420 939 2456 eat
967 2415 1190 2456 infortunii.

309 2618 313 2626 ,
347 2585 380 2628 ⁸)
401 2585 566 2622 Poterant
588 2587 673 2622 haee
696 2588 818 2623 iisdem
842 2587 961 2634 quibus
980 2599 1105 2631 graeca
1128 2587 1274 2623 modulis
1298 2587 1484 2631 adstringi:

434 2646 532 2679 Lude
556 2657 597 2680 ac
619 2648 716 2682 bibe:
740 2648 895 2683 mortalis
918 2648 1006 2683 vita:
1032 2649 1160 2690 exigua
1184 2649 1221 2682 in
1245 2649 1346 2683 terris
1369 2648 1510 2683 aevitas.

439 2715 531 2740 mors
554 2709 667 2741 autem
690 2706 903 2751 immortalis,
928 2711 1103 2752 postquam
1127 2708 1281 2743 evenerit
1303 2710 1406 2742 semel
1430 2707 1528 2744 mori.
