1702 3158
230 172 313 212 432
826 169 1080 211 ALEXIDIS

918 326 990 366 lll-

709 406 809 446 ΙΙαῖ
834 405 912 457 τὴν
939 404 1130 461 μεγάλην
1159 406 1244 458 δός,
1276 411 1443 465 ἐπιχέας

391 488 539 547 (χιλίας
567 486 762 538 κυάθους
791 492 870 542 μὲν
899 491 985 530 τῶν
1013 489 1240 546 παρόντων
1269 495 1484 550 τέτταρας,

387 572 486 622 τοὺς
515 577 623 628 τρεῖς
655 570 702 613 δ’
736 571 889 628 ἔρωτος
919 572 1272 628 προσαποδῶσεις
1301 573 1496 634 ὕστερον·

387 654 447 697 ἕν’
476 654 738 708 Ἀντιγόνου
766 656 842 697 τοῦ
872 658 1081 710 βασιλέως
1109 657 1224 710 νίκης
1254 662 1406 713 καλῶς,

330 742 357 781 5
385 741 458 781 καὶ
488 740 566 782 τοῦ
594 741 820 783 νεανίσκου
848 739 1023 783 κύαθον
1052 741 1312 798 Δημητρίου.

385 827 484 882 ᾳὲρε
516 826 592 867 τὸν
623 824 767 880 τρίτον
1141 827 1157 845 *
1273 831 1290 850 *

386 908 527 958 Φίλας
552 907 846 964 Ἀφροδίτης·
874 905 1042 962 χαίρετ’
1071 904 1220 963 ἄνδρες
1250 896 1481 963 συμπόται,

381 987 496 1034 ὅσων
526 989 713 1046 ἀγαθῶν
742 991 820 1042 τὴν
849 989 999 1031 κύλικα
1028 990 1190 1044 μιστὴν
1221 991 1387 1047 πίομαι.

326 1106 560 1145 Athenaeus
592 1105 645 1145 Vl
675 1117 715 1156 p.
743 1105 825 1144 254
843 1119 885 1144 a:
906 1098 1080 1152 ’'Aaegag
1109 1102 1212 1154 γοῦν
1241 1103 1287 1143 ἐν
1321 1101 1654 1160 Φαρμακοπώλῃ

212 1168 242 1223 ἢ
274 1170 475 1230 Κρατεύα
505 1168 773 1228 προπίνοντά
811 1185 907 1211 τινα
947 1167 1189 1224 α’σαγαγών
1218 1170 1277 1212 ἑνὶ
1311 1172 1392 1212 τῶν
1422 1174 1656 1226 συμποτῶν

212 1243 283 1282 καὶ
314 1243 493 1295 λέγοντα
522 1246 638 1283 ποιεῖ
663 1239 764 1281 τάδε
800 1239 895 1280 ῙΙαῖ
920 1240 999 1290 τήν
1027 1240 1217 1294 μεγάλην
1245 1243 1333 1284 κτλ.
1404 1245 1473 1285 Vs.
1506 1246 1525 1283 l
1566 1244 1656 1284 ἐπι-

205 1312 308 1366 χέας
337 1327 412 1366 pro
443 1310 625 1366 ὑποχέας
656 1313 806 1354 Valesii
837 1314 1064 1352 emendatio
1096 1320 1171 1354 est.
1212 1340 1263 1345 —
1296 1316 1363 1355 Vs.
1394 1315 1420 1352 2
1449 1315 1656 1367 Schweig-

210 1383 434 1423 haeuserus
463 1389 555 1434 post
580 1377 777 1427 κυάθους
806 1383 1011 1421 inserebat
1043 1378 1152 1429 τούς.
1214 1384 1317 1423 Mihi
1358 1384 1488 1435 aplius
1526 1387 1653 1426 visum

210 1457 272 1491 est
300 1450 391 1503 μέν.
423 1477 475 1482 —-
505 1453 575 1492 Vs.
605 1454 631 1491 3
662 1447 813 1502 ἔρωτος
841 1465 912 1502 pro
943 1448 1101 1504 ἔρωτας
1132 1453 1426 1504 Dalecampius.
1458 1479 1508 1486 -
1541 1456 1653 1496 Vs.4
1692 1502 1694 1504 r

209 1516 292 1570 ἕν’,
324 1521 431 1573 quod
462 1522 576 1560 abest
606 1535 628 1560 a
659 1522 783 1569 libris,
817 1522 969 1559 addidit
1000 1523 1274 1561 casaubonus.
1335 1523 1445 1562 ldem
1477 1538 1549 1575 pro
1580 1538 1654 1563 κα-

207 1587 288 1636 λῶς
318 1597 442 1639 recte,
474 1597 518 1630 ut
549 1591 721 1639 videtur,
751 1589 894 1638 καλῆς.
962 1592 1021 1630 De
1053 1591 1221 1630 victoria
1253 1593 1441 1643 Antigoni
1473 1595 1523 1632 de
1557 1596 1652 1635 Pto-

205 1661 362 1700 lemaeo
392 1665 598 1713 reportata
627 1661 718 1699 vide
748 1660 856 1699 Hist.
888 1660 974 1699 crit.
1007 1674 1044 1711 p.
1070 1661 1164 1699 395.
1195 1686 1247 1691 —-
1280 1662 1347 1700 Vs.
1373 1662 1398 1700 5
1428 1660 1654 1704 νεανίσκου

206 1726 467 1782 Δημητρίου.
527 1733 686 1769 Annum
718 1730 822 1768 enim
854 1734 938 1767 tum
970 1731 1114 1781 agebat
1144 1731 1375 1769 vicesimum
1407 1739 1576 1782 sextum,
1607 1741 1651 1775 ut

205 1799 363 1839 efficias
392 1795 440 1838 ex
473 1800 679 1839 Plutarchi
709 1800 888 1838 Demetr.
919 1799 958 1837 5.
992 1823 1041 1830 —
1076 1799 1142 1839 Vs.
1166 1801 1190 1836 6
1222 1799 1319 1851 ([έρε
1352 1814 1430 1840 non
1462 1804 1566 1855 affer
1594 1805 1649 1844 si-

205 1870 393 1921 gnificat,
435 1869 507 1908 sed
546 1868 808 1906 deliberantis
849 1873 929 1915 est,
966 1867 1079 1905 cuius
1117 1868 1156 1906 in
1182 1881 1328 1908 nomen
1360 1871 1523 1910 tertium
1556 1886 1648 1924 cya-

201 1938 316 1977 thum
345 1938 502 1977 infundi
532 1938 800 1989 iubeat:-age
828 1949 935 1983 vero,
969 1937 1037 1974 cui
1066 1937 1235 1975 tertium
1265 1937 1400 1977 libabo
1426 1942 1650 1991 cyathum?

199 2007 348 2046 Philae
371 2006 547 2047 Veneri!
579 2007 718 2057 ltaque
742 2007 881 2044 lacuna
900 2005 1019 2056 vulgo
1046 2018 1125 2043 non
1150 2012 1262 2044 recte
1290 2007 1330 2045 in
1361 2008 1475 2047 initio
1506 2023 1646 2051 versus

197 2076 410 2115 indicatur.
451 2101 505 2108 —-
555 2076 624 2115 vs.
653 2076 692 2114 7.
725 2075 878 2113 Philam
910 2075 1006 2112 dicit
1035 2075 1227 2126 Antigoni
1262 2088 1442 2125 uxorem,
1473 2079 1645 2120 Veneris

196 2146 359 2184 nomine
389 2146 552 2192 cultam,
582 2149 748 2183 auctore
778 2144 1007 2191 Adimanto,
1037 2145 1085 2183 ab
1116 2145 1444 2186 Atheniensibus.
1483 2148 1530 2188 V.
1548 2149 1644 2189 Dio-

194 2215 333 2266 nysius
370 2215 477 2266 apud
507 2215 761 2254 Athenaeum
793 2213 848 2253 Vl
880 2227 919 2264 p.
950 2213 1091 2252 2550:
1136 2212 1178 2251 οἱ
1217 2215 1311 2264 περὶ
1354 2211 1644 2266 Ἀδείμαντον
1690 2228 1692 2230 ’

193 2281 271 2321 τὸν
308 2279 619 2335 Λαμψακηνὸν
665 2281 770 2319 νεών
811 2279 1238 2334 κατασκευασάμενοι
1287 2282 1359 2321 καὶ
1409 2280 1641 2336 ἀγάλματα

194 2347 474 2404 ἱδρυσάμενοι
508 2349 689 2404 Θριῆσιν
715 2345 953 2402 ω’νόμασαν
996 2347 1137 2398 Φίλας
1162 2347 1433 2404 Ἀᾳροὸίτης
1461 2354 1532 2393 καὶ
1563 2353 1640 2394 τὸν

192 2416 328 2460 τόπον
371 2420 557 2461 Φιλαῖον
600 2417 850 2470 (Φίλαιον)
896 2416 1101 2459 ἐκάλεσαν
1146 2418 1231 2459 άπὸ
1271 2419 1345 2468 τῆς
1388 2421 1638 2477 Δημητρίου

190 2487 352 2542 μητρὸς
386 2489 538 2536 Φίλας.
601 2490 675 2530 err
706 2490 1014 2541 lthyphallicum
1045 2503 1204 2529 carmen
1236 2491 1341 2541 apud
1360 2492 1496 2532 Durim
1513 2495 1638 2535 Athe-

192 2560 282 2600 naei
303 2573 341 2611 p.
356 2560 439 2599 253
456 2573 490 2609 c,
520 2560 590 2599 uhi
620 2559 851 2598 Demetrius
881 2559 944 2598 his
973 2560 1170 2598 salutatur
1203 2560 1337 2598 verbis
1365 2549 1398 2598 ὦ
1430 2560 1508 2600 τοῦ
1533 2576 1632 2616 κρα-

191 2627 341 2668 τίστου
370 2627 455 2666 παῖ
476 2625 754 2673 Ποσειδῶνος
781 2624 895 2665 θεοῦ
915 2626 921 2679 1
945 2627 1068 2680 χαῖρε
1096 2623 1374 2680 κάφροδίτης.
1417 2655 1470 2664 --
1508 2632 1576 2674 Vs.
1606 2634 1633 2673 8

189 2690 319 2747 ὅσων,
346 2701 392 2737 ut
420 2698 547 2737 voluit
577 2697 853 2745 Casaubonus,
882 2696 1033 2736 habent
1061 2697 1145 2737 ΑΡ.
1173 2689 1283 2746 ὅσην
1311 2699 1396 2740 VL,
