1702 3158
471 152 766 198 BPETTIA.
830 148 1076 197 ΒΩΜΟΣ.
1431 159 1519 202 399

42 283 135 314 cum
171 271 394 314 scholiasta
423 271 637 325 Aristoph.
666 270 828 312 Eccles.
859 267 964 310 355:
1003 261 1138 322 ἆχράς
1175 269 1263 321 τις]
1303 266 1517 313 στένωσιν

41 339 97 399 τῇ
124 342 283 398 γαστρὶ
314 341 490 398 παρέχει
518 336 543 382 ὁ
572 336 804 395 λεγόμενος
833 336 944 395 παρ’
971 335 1078 394 ἡμῖν
1106 333 1249 388 ἄπιος.
1289 332 1404 381 οὕτω
1433 339 1518 400 γὰρ

40 412 116 453 καὶ
158 410 353 454 Πλάτων
396 411 442 454 ἐν
485 409 657 466 Νόμοις
702 408 860 460 ἀπίους
903 409 1083 466 εἴρηκεν.
1140 406 1194 451 οὐ
1227 407 1368 465 μόνον
1411 415 1516 470 (leg.

40 478 196 536 μόνος)
227 483 286 533 δέ,
316 482 428 525 ἀλλὰ
455 484 529 525 καὶ
559 479 669 539 παρ’
698 480 909 534 Ἀλέξιδι.
941 483 1100 524 Eadem
1131 482 1223 524 fere
1245 484 1353 538 apud
1379 499 1516 539 gram-

42 557 235 598 maticum
266 559 442 599 Bekkeri
473 557 628 599 Anecd.
658 555 799 610 p.425
827 556 884 597 in.
914 561 956 596 et
986 554 1156 596 Suidam
1187 569 1221 598 s.
1238 570 1275 598 v.
1304 551 1431 599 ἄπια.
1461 583 1518 591 -

0 619 11 669 ἶ
42 627 116 668 Vs.
154 629 181 668 3
222 631 361 671 nescio
402 642 478 671 cur
514 624 659 684 πολλῷ
695 627 872 668 adiiciat.
936 626 1081 681 Itaque
1117 627 1257 670 malim
1285 624 1332 668 ἐν
1370 621 1514 672 ὕδατι.

7 683 9 749 f
41 695 99 740 B.
138 696 278 739 πολλὰ
315 696 523 749 πολλάκις
561 693 717 747 δήπου.
786 699 912 741 'reles
950 699 1119 740 διοικεῖ
1147 700 1263 741 mor.
1293 699 1431 743 xcm
1461 703 1514 743 31

0 784 9 830 f
42 768 104 824 (p.
122 771 205 812 237
234 772 411 823 Gaisffl:
442 767 636 826 θρύπτει
664 767 716 811 δ’
745 766 768 811 ὁ
800 767 987 818 πλοῦτος
1016 769 1090 810 καὶ
1118 765 1334 824 μαλάττει
1362 769 1519 825 λαβών

41 838 217 880 πολλὰ
267 838 532 890 πολλάκις
583 840 658 882 καὶ
697 838 775 890 τὰς
815 836 1005 894 ὑγιεινάς
1048 837 1216 896 φύσεις.
1291 844 1517 886 Cinnamus

39 912 149 954 nist.
181 913 220 954 11
256 926 298 967 p.
328 915 383 956 28
422 915 479 956 in.
517 913 605 964 (ed.
636 913 816 964 Bonn.)=
856 908 1038 952 πολλὰ
1073 907 1337 960 πολλάκις
1374 911 1422 953 ἐν
1462 911 1517 955 οὐ

38 980 234 1039 μετρίαις
269 981 367 1037 ἐμοὶ
397 983 652 1040 πονουμένῳ
681 978 951 1038 πραγμάτων
982 980 1235 1032 δυσκολίαις
1272 973 1400 1034 οὗτος
1430 983 1518 1027 τῶν

38 1049 184 1096 ἄλλων
222 1051 518 1110 ἀπειρηκότων
559 1054 696 1108 μέγας
742 1052 789 1094 ἐν
833 1053 1015 1108 βουλαῖς
1054 1049 1214 1110 ὤφθη.
1269 1081 1327 1089 —-
1386 1058 1458 1101 Vs.
1487 1058 1516 1099 5

39 1126 128 1169 τῶν
184 1124 448 1168 ἐπινεουσῶν
505 1123 587 1177 τὴν
644 1121 942 1176 πεπαιπάτην.
1035 1127 1239 1168 Nimirum
1298 1130 1517 1172 versabant

40 1215 200 1257 aquam,
229 1205 276 1242 ut
305 1204 463 1241 matura
486 1199 588 1252 pira,
619 1210 724 1251 quae
747 1198 799 1239 ad
827 1198 955 1239 imum
978 1198 1183 1248 desidunt,
1213 1199 1256 1240 in
1285 1200 1413 1241 altum
1443 1202 1516 1243 ad-

0 1265 5 1303 Ῑ
41 1273 298 1316 scenderent.
356 1272 467 1312 Hinc
497 1271 770 1311 Pherecrates
797 1270 897 1324 Agr.
919 1283 959 1323 p.
974 1270 1058 1310 259
1086 1269 1273 1311 ferorum
1302 1271 1517 1316 homiuum

41 1343 313 1386 rusticitatem
347 1346 495 1383 notans
526 1342 651 1384 dicit:
688 1340 795 1395 πρὶν
824 1335 1101 1390 ἀνακυκῆσαι
1140 1337 1219 1390 τὰς
1248 1335 1408 1392 ἀπίους
1438 1339 1517 1401 ἀρ·

41 1409 206 1464 migeti.

744 1468 798 1510 11.

269 1550 453 1594 Τοιοῦτο
476 1549 526 1593 τὸ
555 1550 631 1603 ζῆν
656 1550 776 1594 ἐστιν
801 1545 949 1609 ὥσπερ
980 1552 1024 1595 οἱ
1052 1549 1204 1607 κύβοι·

265 1634 318 1680 οὐ
348 1633 474 1679 ταῦτ’
505 1633 573 1678 ἀεὶ
603 1633 854 1691 πίπτουσιν,
886 1633 989 1680 οὐδὲ
1017 1637 1078 1697 τῷ
1108 1636 1191 1696 βίῳ

261 1721 425 1765 ταύτὸν
452 1722 650 1777 διαμένει
678 1722 838 1779 σχῆμα,
869 1722 1121 1780 μεταβολὰς
1151 1720 1201 1765 δ’
1225 1721 1326 1779 ἔχει.

153 1831 354 1871 Stobaeus
377 1830 521 1870 Floril.
539 1830 612 1872 CV
640 1830 669 1871 4
699 1843 793 1871 cum
821 1831 1018 1872 lemmate
1044 1825 1274 1881 Ἀλέξιδος
1302 1827 1348 1870 ἐκ
1377 1827 1517 1886 Βρετ-

0 1950 1 1953 ,
40 1897 150 1949 ciac.
207 1900 370 1942 Omissa
399 1901 566 1942 fabulae
595 1901 733 1942 indice
762 1903 962 1944 Arsenius
995 1903 1102 1943 Viol.
1131 1915 1172 1956 p.
1195 1901 1292 1943 101.
1352 1902 1517 1944 Conve-

40 1974 101 2015 ῆι
128 1973 232 2014 illud
263 1972 560 2013 Terentianum
588 1972 771 2026 Adelph.
805 1974 861 2015 1V
890 1974 917 2014 7
947 1974 1026 2014 21:
1066 1975 1134 2014 ita
1164 1975 1258 2014 vita
1289 1978 1353 2013 est
1380 1973 1516 2013 homi-

41 2058 139 2086 nwm
168 2045 290 2098 quusi
317 2045 358 2084 si
386 2044 507 2085 ludas
535 2044 721 2083 tesseris.
781 2043 1030 2086 Plutarchus
1059 2046 1170 2088 Mor.
1191 2059 1233 2100 p.
1249 2044 1332 2084 467
1347 2057 1393 2084 a:
1425 2043 1515 2084 Κυ-

43 2111 144 2171 βείᾳ
170 2110 196 2155 ὁ
227 2110 420 2155 Πλάτων
448 2112 498 2155 τὸ
529 2110 630 2168 βίον
659 2109 910 2157 ἀπείκασεν.

540 2339 585 2381 Β
645 2338 689 2382 Ω
749 2340 809 2383 Μ
867 2339 903 2382 0
960 2340 1014 2385 Σ.

293 2451 341 2493 Γ
332 2451 411 2504 vm)
442 2451 668 2510 λινουργός
699 2451 982 2513 περιτυχοῖσ’
1013 2452 1231 2511 ἀφείλετο.

58 2615 80 2630 n
152 2554 304 2598 Pollux
331 2556 412 2600 V11
439 2557 519 2599 72:
549 2555 630 2608 τὴν
659 2556 706 2599 δὲ
734 2557 1026 2614 ἐργαζομένην
1053 2556 1105 2599 τὸ
1132 2555 1257 2600 λίνον
1284 2558 1516 2617 λινουργὸν

48 2633 107 2661 αν
142 2621 302 2677 εἴποις,
339 2623 562 2679 Ἀλέξιδος
599 2623 800 2678 εἰπόντος
837 2627 884 2669 ἐν
926 2627 1076 2687 Βωμῷ
1124 2630 1168 2675 Γ
1164 2643 1244 2682 vm]
1285 2630 1514 2686 λινουργὸς

49 2691 148 2748 περὶ
175 2690 344 2748 τοίχους
367 2693 583 2753 ἀφείλετο.
642 2702 833 2744 Correxit
864 2702 1075 2746 Poraonus
1102 2703 1276 2748 Advers.
1304 2720 1346 2761 p.
1376 2704 1475 2747 25⁰.
