1702 3158
224 166 307 206 884
590 192 593 195 -
801 161 1058 202 ALEXIDIS

224 276 439 317 lescentuli
481 275 627 324 verba,
679 273 837 313 divitias
875 285 967 312 suas
1011 272 1184 312 amasiae
1223 273 1474 313 ostentantis.
1532 273 1674 314 Priora

225 346 390 386 Grotius
431 344 645 394 Excerptis
686 356 724 393 p.
755 342 837 380 557
885 342 940 379 ita
977 342 1183 393 corrigere
1221 342 1420 380 tentabat:
1468 336 1697 389 ἀπήντων,

224 412 277 470 τῇ
306 412 402 467 ξένῃ
430 406 488 458 εἰς
517 408 595 458 τὴν
623 406 872 459 κατάλυσιν,
904 400 930 465 ᾗ
958 408 1093 458 συνῆν
1116 409 1264 449 αἴθων
1283 405 1405 462 ἁνήρ,
1426 411 1672 463 Aethiopem
1695 406 1698 409 ’

224 485 468 534 intellegens
511 493 629 531 quem
661 482 797 533 puella
843 481 1029 519 comitem
1074 481 1273 520 habuerit.
1347 483 1462 532 Quae
1507 469 1698 532 probari]

223 566 305 594 non
336 563 457 603 posse
487 555 670 601 apertum
703 555 776 590 est.
846 552 907 590 Ex
946 549 1057 588 libris
1099 551 1198 590 nihil
1228 551 1432 589 varietatis
1465 555 1698 595 enotatumv

225 628 312 670 est,
355 620 431 661 nisi
470 614 635 667 ἠσόνην
669 620 710 658 in
743 619 774 658 P
817 632 957 658 carere
987 625 1169 659 accentu.
1243 620 1461 658 Praeterea
1490 620 1526 659 V
1576 632 1671 658 con-

223 691 360 730 iuncte
407 687 543 727 κατα).
551 682 821 736 υσινησόνην.
912 690 1158 737 Tentabam,
1208 700 1266 734 εις
1317 685 1394 736 τὴν
1435 683 1673 726 κατάλυσίν

223 754 266 800 τ’
299 754 426 808 ἠῑον·
465 746 518 806 ἦν
557 752 606 794 δ’
639 771 682 794 αι
683 755 788 795 ’λων
826 752 958 811 ἀνήρ,
1001 762 1043 798 et
1082 755 1261 796 αἶθωνα
1289 752 1428 810 ἄιδρα
1458 758 1672 810 intellege-

222 830 315 869 bam
345 827 509 881 fervidi
545 828 710 879 ingenii
749 827 973 875 hominem,
1014 828 1233 880 Hztzlcopfi
1294 854 1346 859 —
1387 826 1474 866 Vs.
1505 828 1531 865 6
1578 831 1671 878 post

223 897 433 950 τέτταρας
463 898 568 936 libro
602 895 656 935 VI
691 895 893 934 adduntur
931 897 1053 936 verba
1091 894 1191 941 ἴσως
1227 893 1390 949 ἑτέρας’,
1428 909 1531 947 quae
1559 897 1669 936 unde

223 972 313 1008 orta
349 967 560 1006 videantur
599 964 679 1003 dixi
717 964 768 1003 ad
805 965 1074 1004 Menandrum
1107 980 1145 1018 p.
1181 966 1271 1005 130.
1341 967 1419 1004 Pro
1460 963 1528 1012 δέ,
1559 953 1698 1016 quodi

223 1036 635 1087 Schweighaeuserus
676 1033 877 1081 restituit,
918 1035 1021 1073 libro
1067 1032 1370 1087 Vlblegebatur
1409 1047 1463 1074 τε.
1543 1022 1666 1075 Libra

221 1106 279 1147 X!
309 1107 422 1144 abest
452 1102 647 1155 particula
678 1115 700 1141 a
723 1102 943 1142 codicibus.
977 1103 1055 1142 Pro
1086 1097 1161 1140 δύ’
1193 1104 1292 1142 vs.7
1327 1109 1438 1142 recte
1476 1105 1577 1143 libro
1610 1105 1668 1143 XI

224 1168 328 1214 δέκ’.
357 1200 412 1206 —-
444 1173 557 1214 vs.8
591 1167 861 1211 Φιλιππίδου
890 1167 1155 1224 λεπτότερον.
1186 1172 1246 1211 De
1279 1172 1524 1223 Phfflppide,
1554 1174 1667 1212 cuius

223 1244 490 1298 gracilitatem
531 1242 651 1281 variis
691 1241 821 1281 modis
857 1245 1003 1293 poetae
1042 1241 1186 1281 comici
1226 1242 1424 1290 riserunt,
1467 1256 1503 1281 v,
1543 1242 1671 1283 Athe-

222 1326 370 1356 naeum
399 1312 476 1352 ΧΠ
507 1325 547 1363 p.
577 1311 658 1351 552
677 1310 789 1350 d-f.
821 1315 862 1351 et
892 1311 1070 1351 Clintoni
1102 1312 1148 1350 F.
1166 1312 1213 1350 A.
1231 1324 1269 1362 p.
1287 1310 1411 1351 XLV.
1473 1312 1573 1352 Post
1601 1309 1670 1349 λε-

223 1378 431 1436 πτότερον
460 1382 563 1420 libro
580 1381 636 1422 Vl
667 1381 771 1420 haec
800 1384 988 1432 tanquam
1006 1381 1186 1420 Alexidis
1217 1381 1339 1419 verba
1370 1381 1506 1421 addita
1534 1385 1669 1421 erant:

918 1445 1028 1488 ἀλλὰ
1059 1443 1199 1487 ταῦθ’
1232 1441 1340 1495 ὅλως

498 1515 604 1573 πρὸς
632 1514 886 1568 ἀλαζονείαν
915 1516 966 1558 οὐ
994 1515 1130 1565 κακῶς
1158 1517 1392 1570 νενοημένα

498 1577 567 1637 ἦν.

224 1661 338 1711 Quae
368 1657 521 1698 frustra
549 1663 820 1699 exercuerunt
851 1658 1075 1698 Porsonum
1107 1657 1274 1698 Advern.
1305 1669 1344 1707 p.
1376 1656 1430 1695 68
1459 1660 1500 1695 et
1530 1656 1670 1697 lacob-

223 1729 328 1769 sium
358 1727 494 1768 Addit.
524 1742 564 1780 p.
596 1729 692 1769 139.
750 1728 951 1769 Athenaei
981 1729 1104 1766 verba
1133 1739 1246 1774 esse,
1276 1738 1356 1764 non
1386 1725 1565 1768 Alexidis
1595 1726 1669 1766 do·
1695 1779 1698 1783 .

223 1797 289 1837 cui
318 1796 369 1836 ad
397 1797 612 1837 Menandr.
645 1797 713 1836 1.1.
771 1797 969 1848 Stephani
998 1801 1039 1835 et
1064 1795 1195 1835 Grotii
1226 1807 1429 1843 errorem,
1459 1795 1527 1846 qui
1548 1796 1669 1836 etiam

223 1879 326 1918 quae
342 1870 433 1918 post
463 1863 698 1916 νενοημένα
728 1852 783 1912 ἦν
811 1869 1035 1916 sequuntur
1065 1864 1200 1911 verba,
1229 1852 1327 1900 οἶδα
1353 1860 1398 1901 δὲ
1426 1858 1539 1913 κάγώ
1572 1875 1670 1903 τινα

221 1930 405 1983 πολίτην
443 1929 647 1987 ἡμέτερον
683 1928 1014 1985 πτωχαλαζόνα,
1051 1946 1125 1986 pro
1154 1932 1359 1973 Alexideis
1398 1933 1667 1984 venditarunt,

222 2005 374 2046 notavit
405 2003 830 2056 Schweighaeuserus.

841 2206 899 2250 ‘O
928 2207 1069 2265 τρίτος
1098 2200 1222 2258 οὗτος
1254 2207 1304 2250 δ’
1337 2207 1419 2264 ἔχει

382 2293 525 2336 σύκων
553 2293 755 2335 κυλιστὸν
785 2293 1024 2349 στέφανον·
1056 2290 1158 2334 ἀλλ’
1191 2291 1330 2348 ἔχαιρε
1359 2290 1432 2334 καί

379 2378 460 2428 ζῶν
487 2379 577 2426 τοῖς
605 2374 830 2425 τοιούτοις.

321 2492 558 2533 Athenaeus
587 2491 664 2532 XV
693 2504 733 2543 p.
758 2492 901 2530 678e.
931 2484 1110 2542 εὑρίσκω
1141 2486 1186 2527 δὲ
1214 2501 1287 2527 και
1317 2483 1434 2540 παρὰ
1463 2485 1552 2533 τοῖς
1580 2460 1680 2526 κω--γ

209 2559 350 2612 μικοῖς
386 2557 589 2600 κυλιστόν
628 2570 727 2598 τινα
753 2547 1033 2611 καλούμενον
1073 2557 1291 2612 στέφανον
1319 2582 1373 2588 —-
1404 2552 1582 2606 ”Λλεξις
1614 2553 1663 2594 δ’

209 2627 256 2668 ἐν
281 2629 361 2682 μὲν
387 2624 600 2681 Ἀγωνίδι
629 2623 657 2678 ἢ
682 2624 895 2667 Ιππίσκω
921 2623 976 2667 ‘0
1006 2623 1147 2680 τρίτος
1176 2626 1263 2668 κτλ.
1323 2630 1435 2679 Quos
1465 2627 1570 2666 haec
1597 2626 1660 2665 lo-

209 2703 380 2753 quentes
409 2699 565 2741 induxit
596 2704 730 2751 poeta,
760 2704 1013 2742 mortuorum
1035 2697 1302 2749 quorumdam
1323 2697 1532 2736 hominum
1565 2695 1682 2741 ima-,v
