1702 3158
687 132 920 175 ΛΕΒΗΣ.
1455 135 1539 177 441

4 226 8 300 l
67 252 285 307 rogaverat
315 249 472 303 primus
501 246 783 289 interlocutor.
842 249 920 289 Cui
949 249 1053 295 alter
1081 248 1336 303 respondet:
1378 249 1418 289 si
1447 250 1543 301 ser-

3 314 7 370 ἓ
65 324 208 364 vidam
237 322 361 363 ollam
390 322 437 360 in
457 318 670 372 frigidum
699 324 866 359 acetum
895 321 1133 360 immiseris.
1165 345 1221 353 —-
1253 321 1322 361 Vs.
1341 320 1366 359 6
1387 316 1545 369 ξυνιεὶς

2 371 7 438 l
67 394 186 435 libri:
230 391 382 444 ξυνιεῖς
412 389 844 442 Schweighaeuserus.
894 387 1041 440 ξυνίης
1073 391 1324 431 Dindorfius.
1386 390 1545 430 Ibidem

2 469 5 501 ί
67 465 283 506 Dobraeus
312 459 469 516 ἐγχέῃς,
500 473 580 512 quo
612 459 790 500 fortasse
823 474 903 501 non
935 474 1040 514 opus
1071 467 1146 502 est.
1190 487 1246 494 ——
1290 462 1361 503 Vs.
1392 462 1418 501 7
1450 461 1545 500 libri

1 522 3 562 Ᾰ
67 531 231 584 ἐνθείς,
265 533 372 586 quod
402 533 442 572 in
474 527 602 578 ἔνθες
633 536 854 572 mutarunt.
900 532 1005 573 Vide
1036 545 1141 584 quae
1171 532 1221 572 ad
1253 533 1420 573 tertium
1454 545 1546 572 ver-

0 638 2 645 <
74 618 166 647 sum
197 604 291 645 dixi.
350 602 661 644 Coniunctivum
692 602 877 655 reposuit
907 603 1030 643 etiam
1063 604 1292 645 Dobraeus.
1334 628 1388 635 ——
1416 603 1487 645 Vs.
1517 603 1546 642 8

0 693 1 697 =
70 673 314 729 ζυμουμένη
343 673 428 716 ΑΡ.
476 669 729 724 ζωμουμένη
760 673 806 712 Β.
858 670 1130 726 ζυμουμένην
1160 675 1248 716 VL.
1305 700 1361 707 —-
1419 673 1489 715 Vs,
1519 673 1546 711 9

70 741 238 800 κίσηρις
266 744 387 786 ΑΒΡ.
417 738 590 795 κίσαρις
623 743 673 784 V.
704 737 888 797 κὶσηρης
913 745 958 784 L.
1018 769 1075 776 —-
1134 746 1202 786 Vs.
1237 745 1285 784 ll
1321 743 1415 783 libri
1444 739 1547 796 κρέα

70 812 122 860 δῖ
149 811 287 856 ἔσται.
317 814 508 856 Correxit
538 813 820 854 Gasaubonus.
861 810 905 852 τ’
936 820 1029 868 post
1060 810 1186 854 ἔσται
1215 814 1390 855 accessit
1420 827 1468 854 ex
1499 813 1547 854 B.

67 881 409 940 ἀπεξηραμμένα
440 885 487 924 Β.
545 878 855 938 ἁπεξηραμένα
887 884 1011 927 PVL.
1071 911 1127 919 -—-
1185 885 1258 927 Vs.
1292 885 1346 924 12
1376 877 1548 937 ἀτρέμα

67 956 191 1001 PVL.
218 950 394 1010 ἀτρεμεὶ
411 955 462 996 Α.
490 948 666 1009 ἀτρέμει
694 956 741 996 Β.
803 956 963 1008 Recepi
994 949 1187 1010 ἀτρεμεὶ,
1218 955 1272 996 de
1302 967 1382 1007 que
1412 954 1549 1002 forma

68 1026 165 1068 vide
196 1027 557 1080 grammaticorum
586 1027 701 1067 locos
730 1039 754 1067 a
785 1026 1000 1067 Dindorfio
1030 1027 1082 1068 ad
1108 1025 1321 1079 Aristopb.
1340 1024 1547 1066 Nauem

69 1096 286 1146 indicatos,
317 1098 464 1150 quibus
494 1097 600 1138 adde
630 1098 941 1151 grammaticum
972 1099 1101 1138 Bekk.
1132 1097 1289 1138 Anecd.
1307 1110 1346 1149 p.
1364 1095 1448 1135 460
1478 1096 1551 1136 20.

71 1161 313 1220 ’.Ατρέμαςε
387 1162 539 1221 ἠρέμα.
602 1166 677 1207 καὶ
719 1162 886 1221 ἀτρέμα
931 1166 1107 1220 λέγουσι
1150 1166 1226 1207 καὶ
1268 1160 1549 1219 ἀτρεμεῖν.

74 1237 220 1279 Scribe
263 1233 451 1291 ἀτρεμεὶ.
507 1263 564 1271 -—-
623 1239 695 1280 Vs.
744 1238 796 1278 15
856 1235 1117 1295 παρατιθῇς
1163 1251 1239 1292 pro
1286 1232 1550 1291 παρατίθης

73 1307 507 1360 Schweighaeuser-us.
538 1305 765 1361 ἐψυγμένα
797 1310 919 1352 PVL.
950 1307 1180 1364 ἐψυσμένα
1212 1309 1257 1348 B.
1303 1332 1358 1338 —
1388 1307 1465 1348 Vs.
1497 1307 1550 1346 16

72 1371 212 1430 ἀτμὸς
239 1391 314 1431 pro
344 1372 475 1431 ἀτμὶς
504 1378 936 1432 Schweighaeuserus.
969 1406 1023 1413 —-
1070 1380 1142 1421 Vs.
1175 1380 1228 1419 17
1260 1378 1350 1424 τοῖς
1379 1378 1427 1417 Β.
1468 1378 1551 1417 lbi-

73 1447 168 1489 dem
199 1448 322 1501 vulgo
351 1442 603 1500 ἇνωμαλίσι
644 1449 747 1500 (ΑΡ
778 1445 1078 1503 ἀνωμαλίσει)
1102 1444 1388 1502 καταφαγών.
1447 1448 1551 1488 Gor-

71 1518 178 1559 rexit
206 1518 392 1572 Scaliger
434 1519 542 1572 opud
583 1519 772 1562 Grotium
805 1523 1020 1575 Excerptis
1051 1534 1090 1574 p.
1122 1520 1220 1560 973.
1279 1545 1335 1551 —
1393 1519 1464 1560 Vs.
1496 1519 1551 1558 18

74 1585 222 1645 πολλῷ
252 1585 299 1641 γ’
333 1603 408 1643 pro
439 1586 612 1628 πολλῶν
640 1585 683 1628 τ’
718 1592 997 1632 casaubonus.
1050 1617 1104 1624 -
1150 1592 1223 1633 Vs.
1257 1591 1310 1630 19
1340 1583 1551 1643 λογογρά-

75 1670 164 1712 φον
194 1673 276 1700 non
308 1659 580 1701 historiarum
610 1663 858 1715 scriptorem
898 1663 1019 1711 dicit,
1061 1667 1104 1702 ut
1134 1662 1304 1701 Grotius
1342 1661 1552 1712 interpre-

75 1733 206 1780 tatur,
264 1730 338 1771 sed
380 1733 452 1785 qui
494 1732 682 1771 mercede
725 1733 953 1772 conductus
998 1735 1082 1772 reis
1128 1733 1343 1772 orationes
1386 1731 1550 1773 scribit.

77 1801 199 1853 Quod
233 1801 443 1842 hominum
484 1815 615 1854 genus
652 1803 774 1855 vulgo
807 1804 913 1843 male
944 1804 1150 1843 audiebat.
1210 1802 1427 1843 Demosth.
1459 1802 1550 1843 fals.

76 1869 159 1923 leg.
190 1883 231 1923 p.
249 1871 332 1910 420
361 1871 416 1912 in.
448 1872 534 1920 (ed.
568 1872 689 1923 usk.)
721 1862 808 1911 εἶτ’
842 1870 895 1912 οὐ
923 1870 978 1912 σὺ
1009 1868 1226 1925 σοφιστὴς
1255 1872 1330 1911 καὶ
1360 1867 1552 1926 πονηρός

78 1952 145 1991 γες
183 1936 236 1979 οὐ
263 1937 319 1980 σὺ
346 1937 622 1996 λογογράφος
651 1942 726 1982 καὶ
756 1941 883 1991 θεοῖς
914 1939 1095 1998 ἐχθρόςς
1154 1945 1211 1984 Hi
1242 1944 1426 1996 quamvis
1458 1956 1552 1983 ver-

79 2010 192 2060 bosi,
227 2025 352 2064 saepe
386 2017 523 2054 tamen
563 2021 852 2066 argumentum
895 2029 1038 2068 parum
1083 2015 1263 2054 dilucide
1295 2014 1554 2066 explicabant

84 2084 127 2121 et
155 2082 280 2122 multa
310 2083 485 2124 dIcendo
529 2084 767 2125 efficiebant
803 2091 849 2126 ut
878 2087 1095 2126 audientes
1126 2086 1230 2126 nibil
1258 2085 1553 2138 intelligerent.

83 2150 195 2192 Hine
231 2156 344 2193 recte
380 2154 560 2194 infertur
598 2148 627 2193 ὅ
661 2152 796 2207 λέγεις
835 2151 888 2195 οὐ
926 2155 1061 2208 λέγεις
1099 2157 1127 2196 i.
1161 2169 1199 2196 e.
1240 2149 1368 2194 οὐδὲν
1407 2152 1554 2205 λέγεις.

86 2221 162 2262 oui
203 2222 362 2264 dicendi
401 2227 546 2277 generi
589 2226 736 2266 mirum
778 2231 843 2267 est
884 2240 1004 2279 quam
1041 2226 1183 2267 infesti
1224 2225 1382 2266 fuerint
1412 2225 1557 2274 critici,

85 2292 154 2344 qui
188 2305 268 2334 non
307 2294 418 2334 hunc
455 2299 611 2336 tantum
652 2297 811 2345 locum,
854 2298 895 2336 in
936 2310 1015 2349 quo
1050 2298 1264 2337 nolu-aeus
1296 2289 1323 2334 ὃ
1349 2293 1482 2347 λέγει-ς
1511 2284 1558 2334 εὖ

84 2358 217 2412 λέγεις
245 2365 470 2415 scribebat,
500 2367 574 2407 sed
606 2367 727 2407 etiam
760 2367 970 2407 Eubulum
1001 2368 1089 2408 Ion.
1123 2367 1140 2407 1
1171 2368 1217 2406 32
1247 2361 1376 2405 κούδ’
1407 2360 1463 2404 ἂν
1491 2364 1558 2406 λέ-

86 2443 174 2482 γων
209 2430 404 2487 λέξαιμι,
447 2441 489 2476 et
527 2438 849 2490 Aristophanem
888 2438 997 2490 apud
1030 2438 1191 2477 Polluc.
1222 2437 1301 2479 Vll
1334 2438 1411 2477 96:
1453 2431 1554 2476 οὐδ’

89 2493 146 2539 ι’ὶν
173 2499 305 2554 λέγων
340 2503 503 2557 λέξαις,
541 2508 651 2548 haud
689 2510 853 2562 optimis
885 2510 1134 2549 coniecturis
1164 2512 1374 2549 vexarunt.
1433 2509 1557 2549 Haud

94 2569 287 2614 dissimile
316 2581 378 2617 est
407 2578 517 2630 quod
547 2579 648 2619 dixit
675 2579 888 2631 Aristopb.
921 2580 1029 2619 Plut.
1061 2579 1168 2618 606:
1200 2573 1251 2618 οὐ
1282 2576 1366 2633 γὰρ
1396 2576 1557 2627 πείσεις

95 2633 195 2681 οὐδ’
223 2637 277 2692 ἢν
305 2642 468 2704 πείσῃς,
497 2650 606 2702 quod
636 2650 771 2704 attigit
799 2650 1043 2691 Eustathius
1075 2650 1126 2691 ed
1156 2650 1269 2692 mad.
1295 2664 1342 2710 p.
1374 2651 1456 2691 660
1487 2652 1554 2692 62.
