<?xml version="1.0" encoding="UTF-8"?>
<!DOCTYPE html PUBLIC "-//W3C//DTD XHTML 1.0 Transitional//EN"
    "http://www.w3.org/TR/xhtml1/DTD/xhtml1-transitional.dtd">
<html xmlns="http://www.w3.org/1999/xhtml" xml:lang="en" lang="en">
 <head>
  <title>
</title>
<meta http-equiv="Content-Type" content="text/html;charset=utf-8" />
  <meta name='ocr-system' content='tesseract 3.04.00' />
  <meta name='ocr-capabilities' content='ocr_page ocr_carea ocr_par ocr_line ocrx_word'/>
</head>
<body>
  <div class='ocr_page' id='page_1' title='image "./fragmentacomicor03meinuoft_0369.png"; bbox 0 0 1702 3158; ppageno 0'>
   <div class='ocr_carea' id='block_1_1' title="bbox 471 147 1503 201">
    <p class='ocr_par' dir='ltr' id='par_1_1' title="bbox 471 147 1503 201">
     <span class='ocr_line' id='line_1_1' title="bbox 471 147 1503 201; baseline -0.003 0"><span class='ocrx_word' id='word_1_1' title='bbox 471 147 1027 201; x_wconf 74' lang='grc' dir='ltr'><em>ἮΥΘΑΓΟΡΙΣΤΗΣ.</em></span> <span class='ocrx_word' id='word_1_2' title='bbox 1422 157 1503 198; x_wconf 74' lang='lat'><em>361</em></span> 
     </span>
    </p>
   </div>
   <div class='ocr_carea' id='block_1_2' title="bbox 146 266 1383 757">
    <p class='ocr_par' dir='ltr' id='par_1_2' title="bbox 201 266 1307 330">
     <span class='ocr_line' id='line_1_2' title="bbox 201 266 1307 330; baseline -0.006 -14"><span class='ocrx_word' id='word_1_3' title='bbox 201 267 319 330; x_wconf 74' lang='grc' dir='ltr'><em>ὕδωρ</em></span> <span class='ocrx_word' id='word_1_4' title='bbox 349 272 395 315; x_wconf 75' lang='grc' dir='ltr'><em>δὲ</em></span> <span class='ocrx_word' id='word_1_5' title='bbox 425 270 567 316; x_wconf 77' lang='grc' dir='ltr'><strong><em>πίνειν</em></strong></span> <span class='ocrx_word' id='word_1_6' title='bbox 597 270 828 330; x_wconf 82' lang='grc' dir='ltr'><em>βάτραχος,</em></span> <span class='ocrx_word' id='word_1_7' title='bbox 859 267 1111 313; x_wconf 77' lang='grc' dir='ltr'><em>ἀπολαῦσαι</em></span> <span class='ocrx_word' id='word_1_8' title='bbox 1143 266 1307 324; x_wconf 79' lang='grc' dir='ltr'><em>θύμων</em></span> 
     </span>
    </p>

    <p class='ocr_par' dir='ltr' id='par_1_3' title="bbox 146 351 1383 502">
     <span class='ocr_line' id='line_1_3' title="bbox 201 351 1383 415; baseline -0.002 -16"><span class='ocrx_word' id='word_1_9' title='bbox 201 355 403 414; x_wconf 79' lang='grc' dir='ltr'><em>λαχάνων</em></span> <span class='ocrx_word' id='word_1_10' title='bbox 429 374 472 401; x_wconf 82' lang='grc' dir='ltr'><em>τε</em></span> <span class='ocrx_word' id='word_1_11' title='bbox 501 355 666 414; x_wconf 83' lang='grc' dir='ltr'><em>κάμπη,</em></span> <span class='ocrx_word' id='word_1_12' title='bbox 697 357 806 415; x_wconf 88' lang='grc' dir='ltr'><em>πρὸς</em></span> <span class='ocrx_word' id='word_1_13' title='bbox 836 355 886 398; x_wconf 89' lang='grc' dir='ltr'><em>τὸ</em></span> <span class='ocrx_word' id='word_1_14' title='bbox 914 354 974 412; x_wconf 85' lang='grc' dir='ltr'><em>μὴ</em></span> <span class='ocrx_word' id='word_1_15' title='bbox 1006 351 1206 397; x_wconf 82' lang='grc' dir='ltr'><em>λοῦσθαι</em></span> <span class='ocrx_word' id='word_1_16' title='bbox 1233 353 1383 414; x_wconf 78' lang='grc' dir='ltr'><em>ῥύπος,</em></span> 
     </span>
     <span class='ocr_line' id='line_1_4' title="bbox 146 438 1089 502; baseline -0.004 -16"><span class='ocrx_word' id='word_1_17' title='bbox 146 445 173 486; x_wconf 89' lang='grc'><strong>5</strong></span> <span class='ocrx_word' id='word_1_18' title='bbox 206 441 448 502; x_wconf 76' lang='grc' dir='ltr'><em>ὑπαίθριος</em></span> <span class='ocrx_word' id='word_1_19' title='bbox 472 445 666 500; x_wconf 74' lang='grc' dir='ltr'><em>χειμῶνα</em></span> <span class='ocrx_word' id='word_1_20' title='bbox 698 440 865 498; x_wconf 75' lang='grc' dir='ltr'><em>διάγειν</em></span> <span class='ocrx_word' id='word_1_21' title='bbox 893 438 1089 497; x_wconf 82' lang='grc' dir='ltr'><em>κόψιχος,</em></span> 
     </span>
    </p>

    <p class='ocr_par' dir='ltr' id='par_1_4' title="bbox 203 525 1208 585">
     <span class='ocr_line' id='line_1_5' title="bbox 203 525 1208 585; baseline -0.004 -14"><span class='ocrx_word' id='word_1_22' title='bbox 203 532 356 585; x_wconf 72' lang='grc' dir='ltr'><em>πνῖγος</em></span> <span class='ocrx_word' id='word_1_23' title='bbox 386 527 620 585; x_wconf 84' lang='grc' dir='ltr'><em>ὑπομεῖναι</em></span> <span class='ocrx_word' id='word_1_24' title='bbox 648 531 721 572; x_wconf 87' lang='grc' dir='ltr'><em>καὶ</em></span> <span class='ocrx_word' id='word_1_25' title='bbox 751 525 1029 584; x_wconf 73' lang='grc' dir='ltr'><em>μεσημβρίας</em></span> <span class='ocrx_word' id='word_1_26' title='bbox 1059 526 1208 568; x_wconf 89' lang='grc' dir='ltr'><em>λαλεῖν</em></span> 
     </span>
    </p>

    <p class='ocr_par' dir='ltr' id='par_1_5' title="bbox 206 608 1179 673">
     <span class='ocr_line' id='line_1_6' title="bbox 206 608 1179 673; baseline -0.005 -16"><span class='ocrx_word' id='word_1_27' title='bbox 206 616 358 668; x_wconf 78' lang='grc' dir='ltr'><em>τέττιξ,</em></span> <span class='ocrx_word' id='word_1_28' title='bbox 389 613 518 673; x_wconf 80' lang='grc' dir='ltr'><em>ἐλαίῳ</em></span> <span class='ocrx_word' id='word_1_29' title='bbox 546 612 654 671; x_wconf 80' lang='grc' dir='ltr'><em>μήτε</em></span> <span class='ocrx_word' id='word_1_30' title='bbox 679 614 884 671; x_wconf 84' lang='grc' dir='ltr'><em>χρῆσθαι</em></span> <span class='ocrx_word' id='word_1_31' title='bbox 913 609 1036 667; x_wconf 76' lang='grc' dir='ltr'><em>μήθ’</em></span> <span class='ocrx_word' id='word_1_32' title='bbox 1069 608 1179 668; x_wconf 78' lang='grc' dir='ltr'><em>ὁρᾶν</em></span> 
     </span>
    </p>

    <p class='ocr_par' dir='ltr' id='par_1_6' title="bbox 201 695 1228 757">
     <span class='ocr_line' id='line_1_7' title="bbox 201 695 1228 757; baseline -0.005 -15"><span class='ocrx_word' id='word_1_33' title='bbox 201 697 435 757; x_wconf 87' lang='grc' dir='ltr'><em>κονιορτός,</em></span> <span class='ocrx_word' id='word_1_34' title='bbox 467 698 741 751; x_wconf 81' lang='grc' dir='ltr'><em>ἀνυπόδητος</em></span> <span class='ocrx_word' id='word_1_35' title='bbox 771 695 943 755; x_wconf 84' lang='grc' dir='ltr'><em>ὄρθρου</em></span> <span class='ocrx_word' id='word_1_36' title='bbox 974 698 1228 754; x_wconf 81' lang='grc' dir='ltr'><em>περιπατεῖν</em></span> 
     </span>
    </p>
   </div>
   <div class='ocr_carea' id='block_1_3' title="bbox 202 779 1225 841">
    <p class='ocr_par' dir='ltr' id='par_1_7' title="bbox 202 779 1225 841">
     <span class='ocr_line' id='line_1_8' title="bbox 202 779 1225 841; baseline -0.003 -14"><span class='ocrx_word' id='word_1_37' title='bbox 202 786 395 841; x_wconf 77' lang='grc' dir='ltr'><em>γέρανος,</em></span> <span class='ocrx_word' id='word_1_38' title='bbox 425 783 664 827; x_wconf 77' lang='grc' dir='ltr'><em>καθεύδειν</em></span> <span class='ocrx_word' id='word_1_39' title='bbox 692 784 804 839; x_wconf 79' lang='grc' dir='ltr'><em>μηδὲ</em></span> <span class='ocrx_word' id='word_1_40' title='bbox 833 781 989 839; x_wconf 87' lang='grc' dir='ltr'><em>μικρὸν</em></span> <span class='ocrx_word' id='word_1_41' title='bbox 1019 779 1225 837; x_wconf 84' lang='grc' dir='ltr'><em>νυκτερίς.</em></span> 
     </span>
    </p>
   </div>
   <div class='ocr_carea' id='block_1_4' title="bbox 30 890 1509 1663">
    <p class='ocr_par' dir='ltr' id='par_1_8' title="bbox 30 890 1509 1663">
     <span class='ocr_line' id='line_1_9' title="bbox 80 890 1509 953; baseline -0.006 -10"><span class='ocrx_word' id='word_1_42' title='bbox 80 917 82 919; x_wconf 94' lang='grc'><em>·</em></span> <span class='ocrx_word' id='word_1_43' title='bbox 145 901 384 942; x_wconf 81' lang='lat' dir='ltr'><strong>Athenaeus</strong></span> <span class='ocrx_word' id='word_1_44' title='bbox 416 901 472 942; x_wconf 89' lang='lat' dir='ltr'><em>V1</em></span> <span class='ocrx_word' id='word_1_45' title='bbox 504 915 544 953; x_wconf 90' lang='lat' dir='ltr'><em>p.</em></span> <span class='ocrx_word' id='word_1_46' title='bbox 575 900 659 940; x_wconf 80' lang='lat'><em>238</em></span> <span class='ocrx_word' id='word_1_47' title='bbox 678 913 712 940; x_wconf 90' lang='lat' dir='ltr'><em>c.</em></span> <span class='ocrx_word' id='word_1_48' title='bbox 745 900 797 940; x_wconf 90' lang='lat' dir='ltr'><strong>de</strong></span> <span class='ocrx_word' id='word_1_49' title='bbox 828 899 1020 952; x_wconf 75' lang='lat' dir='ltr'>parasitis</span> <span class='ocrx_word' id='word_1_50' title='bbox 1050 910 1202 951; x_wconf 82' lang='lat' dir='ltr'><strong>agens:</strong></span> <span class='ocrx_word' id='word_1_51' title='bbox 1231 890 1314 936; x_wconf 82' lang='grc' dir='ltr'><em>κάν</em></span> <span class='ocrx_word' id='word_1_52' title='bbox 1337 894 1509 935; x_wconf 83' lang='grc' dir='ltr'><em>Πυθα-</em></span> 
     </span>
     <span class='ocr_line' id='line_1_10' title="bbox 32 967 1506 1027; baseline -0.001 -16"><span class='ocrx_word' id='word_1_53' title='bbox 32 968 212 1027; x_wconf 77' lang='grc' dir='ltr'><em>γοριστῇ</em></span> <span class='ocrx_word' id='word_1_54' title='bbox 241 969 288 1010; x_wconf 82' lang='grc' dir='ltr'><em>δέ</em></span> <span class='ocrx_word' id='word_1_55' title='bbox 317 984 428 1024; x_wconf 82' lang='grc' dir='ltr'><em>φησι</em></span> <span class='ocrx_word' id='word_1_56' title='bbox 447 969 568 1024; x_wconf 86' lang='grc' dir='ltr'><em>Πρὸς</em></span> <span class='ocrx_word' id='word_1_57' title='bbox 584 972 664 1023; x_wconf 77' lang='grc' dir='ltr'><em>μὲν</em></span> <span class='ocrx_word' id='word_1_58' title='bbox 689 967 740 1009; x_wconf 86' lang='grc' dir='ltr'><em>τὸ</em></span> <span class='ocrx_word' id='word_1_59' title='bbox 770 967 923 1019; x_wconf 80' lang='grc' dir='ltr'><em>πεινῆν</em></span> <span class='ocrx_word' id='word_1_60' title='bbox 940 967 1030 1010; x_wconf 85' lang='grc' dir='ltr'><em>κτλ.</em></span> <span class='ocrx_word' id='word_1_61' title='bbox 1073 969 1176 1009; x_wconf 86' lang='lat' dir='ltr'><strong>lnde</strong></span> <span class='ocrx_word' id='word_1_62' title='bbox 1197 981 1221 1008; x_wconf 83' lang='lat' dir='ltr'>a</span> <span class='ocrx_word' id='word_1_63' title='bbox 1240 968 1363 1009; x_wconf 77' lang='lat' dir='ltr'><strong>tertio</strong></span> <span class='ocrx_word' id='word_1_64' title='bbox 1384 980 1506 1009; x_wconf 83' lang='lat' dir='ltr'><strong>versu</strong></span> 
     </span>
     <span class='ocr_line' id='line_1_11' title="bbox 31 1039 1507 1095; baseline -0.003 -12"><span class='ocrx_word' id='word_1_65' title='bbox 31 1043 168 1083; x_wconf 82' lang='lat' dir='ltr'><strong>locum</strong></span> <span class='ocrx_word' id='word_1_66' title='bbox 201 1056 250 1083; x_wconf 79' lang='lat' dir='ltr'><strong>ex</strong></span> <span class='ocrx_word' id='word_1_67' title='bbox 279 1043 492 1083; x_wconf 83' lang='lat' dir='ltr'><strong>Athenaeo</strong></span> <span class='ocrx_word' id='word_1_68' title='bbox 523 1043 715 1095; x_wconf 84' lang='lat' dir='ltr'><strong>repetivit</strong></span> <span class='ocrx_word' id='word_1_69' title='bbox 733 1042 973 1082; x_wconf 79' lang='lat' dir='ltr'><strong>Eustathius</strong></span> <span class='ocrx_word' id='word_1_70' title='bbox 989 1039 1155 1093; x_wconf 83' lang='lat' dir='ltr'>p.1951</span> <span class='ocrx_word' id='word_1_71' title='bbox 1188 1039 1257 1080; x_wconf 83' lang='lat'><em>41.</em></span> <span class='ocrx_word' id='word_1_72' title='bbox 1289 1040 1359 1080; x_wconf 80' lang='lat' dir='ltr'><em>Vs.</em></span> <span class='ocrx_word' id='word_1_73' title='bbox 1380 1040 1400 1079; x_wconf 92' lang='lat' dir='ltr'>l</span> <span class='ocrx_word' id='word_1_74' title='bbox 1425 1052 1507 1080; x_wconf 89' lang='lat' dir='ltr'><em>non</em></span> 
     </span>
     <span class='ocr_line' id='line_1_12' title="bbox 34 1105 1506 1162; baseline -0.004 -8"><span class='ocrx_word' id='word_1_75' title='bbox 34 1115 142 1155; x_wconf 84' lang='lat' dir='ltr'><strong>male</strong></span> <span class='ocrx_word' id='word_1_76' title='bbox 173 1115 205 1155; x_wconf 87' lang='lat' dir='ltr'>C</span> <span class='ocrx_word' id='word_1_77' title='bbox 237 1108 391 1153; x_wconf 85' lang='grc' dir='ltr'><em>πίνειν.</em></span> <span class='ocrx_word' id='word_1_78' title='bbox 422 1139 476 1144; x_wconf 84' lang='grc'><strong>-</strong></span> <span class='ocrx_word' id='word_1_79' title='bbox 510 1114 580 1154; x_wconf 91' lang='lat' dir='ltr'><em>Vs.</em></span> <span class='ocrx_word' id='word_1_80' title='bbox 611 1115 637 1151; x_wconf 82' lang='grc'>6</span> <span class='ocrx_word' id='word_1_81' title='bbox 669 1114 699 1152; x_wconf 89' lang='grc' dir='ltr'><strong><em>Β</em></strong></span> <span class='ocrx_word' id='word_1_82' title='bbox 732 1109 879 1149; x_wconf 82' lang='grc' dir='ltr'><em>λαλεῖν</em></span> <span class='ocrx_word' id='word_1_83' title='bbox 909 1123 967 1149; x_wconf 87' lang='grc' dir='ltr'><em>τε.</em></span> <span class='ocrx_word' id='word_1_84' title='bbox 1010 1134 1066 1141; x_wconf 88' lang='lat'><em>—-</em></span> <span class='ocrx_word' id='word_1_85' title='bbox 1112 1111 1182 1151; x_wconf 85' lang='lat' dir='ltr'><em>Vs.</em></span> <span class='ocrx_word' id='word_1_86' title='bbox 1213 1111 1239 1150; x_wconf 79' lang='lat'><em>7</em></span> <span class='ocrx_word' id='word_1_87' title='bbox 1271 1111 1368 1150; x_wconf 86' lang='lat' dir='ltr'>libri</span> <span class='ocrx_word' id='word_1_88' title='bbox 1396 1105 1506 1162; x_wconf 82' lang='grc' dir='ltr'><em>μήτε</em></span> 
     </span>
     <span class='ocr_line' id='line_1_13' title="bbox 36 1178 1508 1245; baseline -0.002 -23"><span class='ocrx_word' id='word_1_89' title='bbox 36 1178 156 1236; x_wconf 78' lang='grc' dir='ltr'><em>ὁρᾶν.</em></span> <span class='ocrx_word' id='word_1_90' title='bbox 218 1184 263 1224; x_wconf 88' lang='lat' dir='ltr'><em>ln</em></span> <span class='ocrx_word' id='word_1_91' title='bbox 295 1178 403 1236; x_wconf 86' lang='grc' dir='ltr'><em>ὁρᾶν</em></span> <span class='ocrx_word' id='word_1_92' title='bbox 433 1182 613 1223; x_wconf 81' lang='lat' dir='ltr'><strong>fortasse</strong></span> <span class='ocrx_word' id='word_1_93' title='bbox 644 1183 879 1235; x_wconf 79' lang='lat' dir='ltr'><strong>corruptela</strong></span> <span class='ocrx_word' id='word_1_94' title='bbox 909 1182 1022 1222; x_wconf 83' lang='lat' dir='ltr'><strong>latet.</strong></span> <span class='ocrx_word' id='word_1_95' title='bbox 1068 1208 1123 1213; x_wconf 91' lang='lat'>—</span> <span class='ocrx_word' id='word_1_96' title='bbox 1165 1182 1239 1245; x_wconf 57' lang='grc' dir='ltr'><em>ἷζε.</em></span> <span class='ocrx_word' id='word_1_97' title='bbox 1269 1183 1298 1221; x_wconf 89' lang='grc'>8</span> <span class='ocrx_word' id='word_1_98' title='bbox 1335 1193 1508 1235; x_wconf 88' lang='grc' dir='ltr'><em>κονιορ-</em></span> 
     </span>
     <span class='ocr_line' id='line_1_14' title="bbox 34 1249 1508 1305; baseline 0.001 -13"><span class='ocrx_word' id='word_1_99' title='bbox 34 1249 122 1301; x_wconf 87' lang='grc' dir='ltr'><em>τός.</em></span> <span class='ocrx_word' id='word_1_100' title='bbox 181 1254 242 1294; x_wconf 75' lang='lat' dir='ltr'><em>lta</em></span> <span class='ocrx_word' id='word_1_101' title='bbox 270 1254 461 1294; x_wconf 85' lang='lat' dir='ltr'><strong>homines</strong></span> <span class='ocrx_word' id='word_1_102' title='bbox 500 1254 687 1293; x_wconf 81' lang='lat' dir='ltr'><strong>sordidos</strong></span> <span class='ocrx_word' id='word_1_103' title='bbox 727 1259 769 1293; x_wconf 84' lang='lat' dir='ltr'><strong>et</strong></span> <span class='ocrx_word' id='word_1_104' title='bbox 808 1253 1001 1305; x_wconf 87' lang='lat' dir='ltr'><strong>squalore</strong></span> <span class='ocrx_word' id='word_1_105' title='bbox 1031 1253 1188 1293; x_wconf 81' lang='lat' dir='ltr'><strong>obsitos</strong></span> <span class='ocrx_word' id='word_1_106' title='bbox 1218 1257 1384 1293; x_wconf 78' lang='lat' dir='ltr'><strong>vocatos</strong></span> <span class='ocrx_word' id='word_1_107' title='bbox 1416 1265 1508 1294; x_wconf 84' lang='lat' dir='ltr'><strong>esse</strong></span> 
     </span>
     <span class='ocr_line' id='line_1_15' title="bbox 35 1318 1508 1380; baseline 0 -16"><span class='ocrx_word' id='word_1_108' title='bbox 35 1327 196 1364; x_wconf 77' lang='lat' dir='ltr'><strong>constat</strong></span> <span class='ocrx_word' id='word_1_109' title='bbox 226 1336 275 1363; x_wconf 79' lang='lat' dir='ltr'><strong>ex</strong></span> <span class='ocrx_word' id='word_1_110' title='bbox 305 1323 603 1364; x_wconf 82' lang='lat' dir='ltr'><strong>Anaxandridis</strong></span> <span class='ocrx_word' id='word_1_111' title='bbox 622 1324 731 1364; x_wconf 77' lang='lat' dir='ltr'>Ulix.</span> <span class='ocrx_word' id='word_1_112' title='bbox 751 1324 790 1364; x_wconf 87' lang='lat'><em>11</em></span> <span class='ocrx_word' id='word_1_113' title='bbox 821 1325 869 1363; x_wconf 85' lang='lat'><em>6:</em></span> <span class='ocrx_word' id='word_1_114' title='bbox 896 1319 1043 1376; x_wconf 79' lang='grc' dir='ltr'><em>χαίρει</em></span> <span class='ocrx_word' id='word_1_115' title='bbox 1072 1336 1136 1370; x_wconf 88' lang='grc' dir='ltr'><em>τις</em></span> <span class='ocrx_word' id='word_1_116' title='bbox 1165 1318 1346 1377; x_wconf 83' lang='grc' dir='ltr'><em>αὐχμῶν</em></span> <span class='ocrx_word' id='word_1_117' title='bbox 1376 1318 1404 1373; x_wconf 82' lang='grc' dir='ltr'><em>ἢ</em></span> <span class='ocrx_word' id='word_1_118' title='bbox 1432 1327 1508 1380; x_wconf 79' lang='grc' dir='ltr'><em>ῥυ-</em></span> 
     </span>
     <span class='ocr_line' id='line_1_16' title="bbox 34 1388 1507 1447; baseline 0.002 -14"><span class='ocrx_word' id='word_1_119' title='bbox 34 1390 142 1442; x_wconf 81' lang='grc' dir='ltr'><em>πῶν,</em></span> <span class='ocrx_word' id='word_1_120' title='bbox 172 1389 395 1447; x_wconf 88' lang='grc' dir='ltr'><em>κονιορτὸς</em></span> <span class='ocrx_word' id='word_1_121' title='bbox 423 1388 720 1446; x_wconf 71' lang='grc' dir='ltr'><em>ἀναπέφηνεν.</em></span> <span class='ocrx_word' id='word_1_122' title='bbox 781 1394 856 1435; x_wconf 83' lang='lat' dir='ltr'><em>Cfr</em></span> <span class='ocrx_word' id='word_1_123' title='bbox 876 1395 1177 1435; x_wconf 80' lang='lat' dir='ltr'><strong>Demosthenes</strong></span> <span class='ocrx_word' id='word_1_124' title='bbox 1208 1409 1231 1436; x_wconf 83' lang='lat' dir='ltr'>a</span> <span class='ocrx_word' id='word_1_125' title='bbox 1263 1397 1507 1436; x_wconf 83' lang='lat' dir='ltr'><strong>Casaubono</strong></span> 
     </span>
     <span class='ocr_line' id='line_1_17' title="bbox 31 1454 1507 1520; baseline 0.002 -16"><span class='ocrx_word' id='word_1_126' title='bbox 31 1465 233 1505; x_wconf 79' lang='lat' dir='ltr'><strong>indicatus</strong></span> <span class='ocrx_word' id='word_1_127' title='bbox 271 1465 314 1504; x_wconf 84' lang='lat' dir='ltr'><em>in</em></span> <span class='ocrx_word' id='word_1_128' title='bbox 344 1465 449 1505; x_wconf 87' lang='lat' dir='ltr'>Mid.</span> <span class='ocrx_word' id='word_1_129' title='bbox 479 1479 520 1520; x_wconf 85' lang='lat' dir='ltr'><em>p.</em></span> <span class='ocrx_word' id='word_1_130' title='bbox 550 1466 633 1506; x_wconf 83' lang='lat'><em>560</em></span> <span class='ocrx_word' id='word_1_131' title='bbox 664 1467 790 1506; x_wconf 81' lang='lat' dir='ltr'><strong>Rsk.:</strong></span> <span class='ocrx_word' id='word_1_132' title='bbox 835 1462 914 1504; x_wconf 85' lang='grc' dir='ltr'><em>νῦν</em></span> <span class='ocrx_word' id='word_1_133' title='bbox 952 1459 1004 1502; x_wconf 73' lang='grc' dir='ltr'><em>δ’</em></span> <span class='ocrx_word' id='word_1_134' title='bbox 1038 1454 1164 1518; x_wconf 82' lang='grc' dir='ltr'><em>οἶμαι</em></span> <span class='ocrx_word' id='word_1_135' title='bbox 1202 1461 1361 1506; x_wconf 81' lang='grc' dir='ltr'><em>τούτου</em></span> <span class='ocrx_word' id='word_1_136' title='bbox 1398 1480 1507 1520; x_wconf 89' lang='grc' dir='ltr'><em>προ-</em></span> 
     </span>
     <span class='ocr_line' id='line_1_18' title="bbox 31 1530 1506 1593; baseline 0.003 -19"><span class='ocrx_word' id='word_1_137' title='bbox 31 1533 271 1588; x_wconf 79' lang='grc' dir='ltr'><em>βέβληνται</em></span> <span class='ocrx_word' id='word_1_138' title='bbox 300 1531 591 1587; x_wconf 78' lang='grc' dir='ltr'><em>Πολύευκτος,</em></span> <span class='ocrx_word' id='word_1_139' title='bbox 625 1530 910 1590; x_wconf 83' lang='grc' dir='ltr'><em>Τιμοκράτης,</em></span> <span class='ocrx_word' id='word_1_140' title='bbox 942 1530 1187 1588; x_wconf 72' lang='grc' dir='ltr'><em>,Εὐκτήμων</em></span> <span class='ocrx_word' id='word_1_141' title='bbox 1215 1534 1238 1577; x_wconf 87' lang='grc' dir='ltr'>ὁ</span> <span class='ocrx_word' id='word_1_142' title='bbox 1269 1534 1506 1593; x_wconf 83' lang='grc' dir='ltr'><em>κονιορτός.</em></span> 
     </span>
     <span class='ocr_line' id='line_1_19' title="bbox 30 1600 1097 1663; baseline 0.002 -15"><span class='ocrx_word' id='word_1_143' title='bbox 30 1602 223 1648; x_wconf 81' lang='grc' dir='ltr'><em>τοιοῦτοί</em></span> <span class='ocrx_word' id='word_1_144' title='bbox 253 1604 363 1655; x_wconf 89' lang='grc' dir='ltr'><em>τινές</em></span> <span class='ocrx_word' id='word_1_145' title='bbox 393 1600 476 1646; x_wconf 84' lang='grc' dir='ltr'><em>εἰσι</em></span> <span class='ocrx_word' id='word_1_146' title='bbox 505 1602 790 1663; x_wconf 63' lang='grc' dir='ltr'><em>μισθοφόροι</em></span> <span class='ocrx_word' id='word_1_147' title='bbox 820 1605 917 1661; x_wconf 85' lang='grc' dir='ltr'><em>περὶ</em></span> <span class='ocrx_word' id='word_1_148' title='bbox 947 1603 1097 1651; x_wconf 78' lang='grc' dir='ltr'><em>αὐτόν.</em></span> 
     </span>
    </p>
   </div>
   <div class='ocr_carea' id='block_1_5' title="bbox 143 1734 1509 2669">
    <p class='ocr_par' dir='ltr' id='par_1_9' title="bbox 143 1734 1509 2669">
     <span class='ocr_line' id='line_1_20' title="bbox 742 1734 796 1774; baseline 0 0"><span class='ocrx_word' id='word_1_149' title='bbox 742 1734 796 1774; x_wconf 88' lang='grc' dir='ltr'><em>Π.</em></span> 
     </span>
     <span class='ocr_line' id='line_1_21' title="bbox 200 1804 1118 1870; baseline -0.003 -12"><span class='ocrx_word' id='word_1_150' title='bbox 200 1804 303 1858; x_wconf 77' lang='grc' dir='ltr'><em>Εἶτ’</em></span> <span class='ocrx_word' id='word_1_151' title='bbox 336 1811 386 1855; x_wconf 83' lang='grc' dir='ltr'><em>οὗ</em></span> <span class='ocrx_word' id='word_1_152' title='bbox 419 1813 596 1865; x_wconf 83' lang='grc' dir='ltr'><em>δικαίως</em></span> <span class='ocrx_word' id='word_1_153' title='bbox 626 1813 720 1858; x_wconf 82' lang='grc' dir='ltr'><em>ἔστ’</em></span> <span class='ocrx_word' id='word_1_154' title='bbox 749 1813 1118 1870; x_wconf 74' lang='grc' dir='ltr'><em>ἀπεψηφισμένος</em></span> 
     </span>
     <span class='ocr_line' id='line_1_22' title="bbox 197 1895 1324 1959; baseline 0.003 -19"><span class='ocrx_word' id='word_1_155' title='bbox 197 1896 282 1941; x_wconf 81' lang='grc' dir='ltr'><em>ὑπὸ</em></span> <span class='ocrx_word' id='word_1_156' title='bbox 313 1899 399 1941; x_wconf 77' lang='grc' dir='ltr'><em>τῶν</em></span> <span class='ocrx_word' id='word_1_157' title='bbox 428 1900 551 1942; x_wconf 78' lang='grc' dir='ltr'><em>θεῶν</em></span> <span class='ocrx_word' id='word_1_158' title='bbox 582 1901 667 1942; x_wconf 78' lang='grc' dir='ltr'><em>τῶν</em></span> <span class='ocrx_word' id='word_1_159' title='bbox 698 1897 853 1943; x_wconf 75' lang='grc' dir='ltr'><em>δώδεκ’</em></span> <span class='ocrx_word' id='word_1_160' title='bbox 887 1895 1062 1950; x_wconf 79' lang='grc' dir='ltr'><em>εἰκότως</em></span> <span class='ocrx_word' id='word_1_161' title='bbox 1092 1899 1137 1941; x_wconf 73' lang='grc' dir='ltr'><em>τ’</em></span> <span class='ocrx_word' id='word_1_162' title='bbox 1162 1897 1324 1959; x_wconf 63' lang='grc' dir='ltr'><em>Ἔρως,</em></span> 
     </span>
     <span class='ocr_line' id='line_1_23' title="bbox 199 1981 1262 2045; baseline 0.004 -20"><span class='ocrx_word' id='word_1_163' title='bbox 199 1981 403 2042; x_wconf 82' lang='grc' dir='ltr'><em>ἐτάραττε</em></span> <span class='ocrx_word' id='word_1_164' title='bbox 433 1983 656 2036; x_wconf 70' lang='grc' dir='ltr'><em>κάκείνους</em></span> <span class='ocrx_word' id='word_1_165' title='bbox 685 1985 779 2045; x_wconf 77' lang='grc' dir='ltr'><em>γάρ,</em></span> <span class='ocrx_word' id='word_1_166' title='bbox 811 1985 1043 2044; x_wconf 83' lang='grc' dir='ltr'><em>ἐμβάλλων</em></span> <span class='ocrx_word' id='word_1_167' title='bbox 1073 1986 1262 2038; x_wconf 80' lang='grc' dir='ltr'><em>στάσεις,</em></span> 
     </span>
     <span class='ocr_line' id='line_1_24' title="bbox 197 2061 1280 2129; baseline 0.004 -19"><span class='ocrx_word' id='word_1_168' title='bbox 197 2063 267 2110; x_wconf 79' lang='grc' dir='ltr'><em>ὅτ’</em></span> <span class='ocrx_word' id='word_1_169' title='bbox 299 2061 355 2122; x_wconf 77' lang='grc' dir='ltr'><em>ἦν</em></span> <span class='ocrx_word' id='word_1_170' title='bbox 383 2068 484 2126; x_wconf 72' lang='grc' dir='ltr'><em>μετ’</em></span> <span class='ocrx_word' id='word_1_171' title='bbox 519 2069 688 2114; x_wconf 74' lang='grc' dir='ltr'><em>αὐταῖν·</em></span> <span class='ocrx_word' id='word_1_172' title='bbox 720 2070 777 2123; x_wconf 74' lang='grc' dir='ltr'><em>ὥς</em></span> <span class='ocrx_word' id='word_1_173' title='bbox 809 2073 854 2114; x_wconf 76' lang='grc' dir='ltr'><em>δὲ</em></span> <span class='ocrx_word' id='word_1_174' title='bbox 884 2072 987 2114; x_wconf 87' lang='grc' dir='ltr'><em>λίαν</em></span> <span class='ocrx_word' id='word_1_175' title='bbox 1017 2063 1072 2125; x_wconf 71' lang='grc' dir='ltr'><em>ἦν</em></span> <span class='ocrx_word' id='word_1_176' title='bbox 1101 2069 1280 2129; x_wconf 75' lang='grc' dir='ltr'><em>θρασύς</em></span> 
     </span>
     <span class='ocr_line' id='line_1_25' title="bbox 143 2154 1280 2214; baseline 0.003 -19"><span class='ocrx_word' id='word_1_177' title='bbox 143 2155 170 2196; x_wconf 84' lang='grc'><strong>5</strong></span> <span class='ocrx_word' id='word_1_178' title='bbox 199 2155 274 2196; x_wconf 88' lang='grc' dir='ltr'><em>καὶ</em></span> <span class='ocrx_word' id='word_1_179' title='bbox 305 2154 508 2212; x_wconf 78' lang='grc' dir='ltr'><em>σοβαρός,</em></span> <span class='ocrx_word' id='word_1_180' title='bbox 539 2155 846 2214; x_wconf 75' lang='grc' dir='ltr'><em>ἀποκόψαντες</em></span> <span class='ocrx_word' id='word_1_181' title='bbox 876 2157 1015 2201; x_wconf 83' lang='grc' dir='ltr'><em>αὐτοῦ</em></span> <span class='ocrx_word' id='word_1_182' title='bbox 1046 2159 1099 2199; x_wconf 79' lang='grc' dir='ltr'><em>τά</em></span> <span class='ocrx_word' id='word_1_183' title='bbox 1130 2156 1280 2214; x_wconf 83' lang='grc' dir='ltr'><em>πτερά,</em></span> 
     </span>
     <span class='ocr_line' id='line_1_26' title="bbox 197 2234 1226 2300; baseline 0.003 -19"><span class='ocrx_word' id='word_1_184' title='bbox 197 2234 275 2282; x_wconf 69' lang='grc' dir='ltr'><em>ἵνα</em></span> <span class='ocrx_word' id='word_1_185' title='bbox 302 2243 363 2295; x_wconf 78' lang='grc' dir='ltr'><em>μὴ</em></span> <span class='ocrx_word' id='word_1_186' title='bbox 396 2243 581 2293; x_wconf 83' lang='grc' dir='ltr'><em>πέτηται</em></span> <span class='ocrx_word' id='word_1_187' title='bbox 610 2243 718 2300; x_wconf 86' lang='grc' dir='ltr'><em>πρὸς</em></span> <span class='ocrx_word' id='word_1_188' title='bbox 749 2243 826 2286; x_wconf 90' lang='grc' dir='ltr'><em>τὸν</em></span> <span class='ocrx_word' id='word_1_189' title='bbox 856 2242 1048 2300; x_wconf 83' lang='grc' dir='ltr'><em>οὐρανόν</em></span> <span class='ocrx_word' id='word_1_190' title='bbox 1080 2241 1226 2294; x_wconf 83' lang='grc' dir='ltr'><em>πάλιν,</em></span> 
     </span>
     <span class='ocr_line' id='line_1_27' title="bbox 202 2323 1224 2385; baseline 0.003 -19"><span class='ocrx_word' id='word_1_191' title='bbox 202 2323 320 2382; x_wconf 73' lang='grc' dir='ltr'><em>δεῦρ’</em></span> <span class='ocrx_word' id='word_1_192' title='bbox 355 2323 491 2369; x_wconf 78' lang='grc' dir='ltr'><em>αὐτὸν</em></span> <span class='ocrx_word' id='word_1_193' title='bbox 521 2327 829 2385; x_wconf 71' lang='grc' dir='ltr'><em>ἐφυγάδευσαν</em></span> <span class='ocrx_word' id='word_1_194' title='bbox 857 2327 915 2379; x_wconf 75' lang='grc' dir='ltr'><em>ὥς</em></span> <span class='ocrx_word' id='word_1_195' title='bbox 946 2327 1060 2384; x_wconf 77' lang='grc' dir='ltr'><em>ἡμᾶς</em></span> <span class='ocrx_word' id='word_1_196' title='bbox 1090 2326 1224 2381; x_wconf 80' lang='grc' dir='ltr'><em>κάτω,</em></span> 
     </span>
     <span class='ocr_line' id='line_1_28' title="bbox 199 2407 1214 2474; baseline 0.002 -23"><span class='ocrx_word' id='word_1_197' title='bbox 199 2409 277 2461; x_wconf 85' lang='grc' dir='ltr'><em>τὰς</em></span> <span class='ocrx_word' id='word_1_198' title='bbox 307 2411 352 2453; x_wconf 81' lang='grc' dir='ltr'><em>δὲ</em></span> <span class='ocrx_word' id='word_1_199' title='bbox 383 2413 598 2470; x_wconf 78' lang='grc' dir='ltr'><em>πτέρυγας</em></span> <span class='ocrx_word' id='word_1_200' title='bbox 629 2412 680 2464; x_wconf 72' lang='grc' dir='ltr'><em>ἑές</em></span> <span class='ocrx_word' id='word_1_201' title='bbox 711 2407 794 2471; x_wconf 80' lang='grc' dir='ltr'><em>εἶχε</em></span> <span class='ocrx_word' id='word_1_202' title='bbox 825 2415 878 2474; x_wconf 75' lang='grc' dir='ltr'><em>τῇ</em></span> <span class='ocrx_word' id='word_1_203' title='bbox 909 2414 1025 2474; x_wconf 75' lang='grc' dir='ltr'><em>Νίκῃ</em></span> <span class='ocrx_word' id='word_1_204' title='bbox 1058 2415 1214 2470; x_wconf 62' lang='grc' dir='ltr'><em>φορεῖν</em></span> 
     </span>
     <span class='ocr_line' id='line_1_29' title="bbox 208 2492 1344 2555; baseline 0.006 -20"><span class='ocrx_word' id='word_1_205' title='bbox 208 2492 382 2550; x_wconf 81' lang='grc' dir='ltr'><em>ἔδοσαν,</em></span> <span class='ocrx_word' id='word_1_206' title='bbox 413 2502 649 2555; x_wconf 75' lang='grc' dir='ltr'><em>περιφανὲς</em></span> <span class='ocrx_word' id='word_1_207' title='bbox 679 2501 839 2542; x_wconf 85' lang='grc' dir='ltr'><em>σκῦλον</em></span> <span class='ocrx_word' id='word_1_208' title='bbox 870 2498 960 2542; x_wconf 79' lang='grc' dir='ltr'><em>άπὸ</em></span> <span class='ocrx_word' id='word_1_209' title='bbox 993 2500 1080 2541; x_wconf 76' lang='grc' dir='ltr'><em>τῶν</em></span> <span class='ocrx_word' id='word_1_210' title='bbox 1110 2496 1344 2553; x_wconf 85' lang='grc' dir='ltr'><em>πολεμίων.</em></span> 
     </span>
     <span class='ocr_line' id='line_1_30' title="bbox 151 2604 1509 2669; baseline 0.004 -21"><span class='ocrx_word' id='word_1_211' title='bbox 151 2609 386 2652; x_wconf 73' lang='lat' dir='ltr'><strong>Athenaeus</strong></span> <span class='ocrx_word' id='word_1_212' title='bbox 414 2613 516 2655; x_wconf 85' lang='lat' dir='ltr'>Xlll</span> <span class='ocrx_word' id='word_1_213' title='bbox 546 2628 587 2668; x_wconf 85' lang='lat' dir='ltr'><em>p.</em></span> <span class='ocrx_word' id='word_1_214' title='bbox 603 2613 687 2654; x_wconf 82' lang='lat'><em>563</em></span> <span class='ocrx_word' id='word_1_215' title='bbox 703 2615 742 2655; x_wconf 86' lang='lat' dir='ltr'><em>b.</em></span> <span class='ocrx_word' id='word_1_216' title='bbox 776 2615 827 2655; x_wconf 89' lang='lat' dir='ltr'><strong>de</strong></span> <span class='ocrx_word' id='word_1_217' title='bbox 858 2617 1011 2656; x_wconf 85' lang='lat' dir='ltr'><strong>Amore</strong></span> <span class='ocrx_word' id='word_1_218' title='bbox 1042 2604 1275 2657; x_wconf 71' lang='lat' dir='ltr'><strong>disserens:</strong></span> <span class='ocrx_word' id='word_1_219' title='bbox 1301 2610 1509 2669; x_wconf 77' lang='grc' dir='ltr'><em>Ἀριστο-</em></span> 
     </span>
    </p>
   </div>
   <div class='ocr_carea' id='block_1_6' title="bbox 43 2671 1512 2805">
    <p class='ocr_par' dir='ltr' id='par_1_10' title="bbox 43 2671 1512 2805">
     <span class='ocr_line' id='line_1_31' title="bbox 43 2671 1511 2742; baseline 0.003 -21"><span class='ocrx_word' id='word_1_220' title='bbox 43 2671 216 2739; x_wconf 53' lang='lat' dir='ltr'><em>‘faho&#39;</em></span> <span class='ocrx_word' id='word_1_221' title='bbox 249 2675 294 2717; x_wconf 73' lang='grc' dir='ltr'><em>ἐν</em></span> <span class='ocrx_word' id='word_1_222' title='bbox 322 2680 651 2742; x_wconf 75' lang='grc' dir='ltr'><em>Πυθαγοριστῇ</em></span> <span class='ocrx_word' id='word_1_223' title='bbox 689 2674 791 2724; x_wconf 70' lang='grc' dir='ltr'><em>Εἶτ’</em></span> <span class='ocrx_word' id='word_1_224' title='bbox 829 2682 880 2724; x_wconf 84' lang='grc' dir='ltr'><em>οὐ</em></span> <span class='ocrx_word' id='word_1_225' title='bbox 910 2683 1087 2734; x_wconf 85' lang='grc' dir='ltr'><em>δικαίως</em></span> <span class='ocrx_word' id='word_1_226' title='bbox 1115 2685 1204 2728; x_wconf 89' lang='grc' dir='ltr'><em>κτλ.</em></span> <span class='ocrx_word' id='word_1_227' title='bbox 1271 2687 1405 2729; x_wconf 88' lang='lat' dir='ltr'><strong>Versu</strong></span> <span class='ocrx_word' id='word_1_228' title='bbox 1445 2699 1511 2726; x_wconf 85' lang='lat' dir='ltr'><strong>se-</strong></span> 
     </span>
     <span class='ocr_line' id='line_1_32' title="bbox 47 2746 1512 2805; baseline 0.003 -14"><span class='ocrx_word' id='word_1_229' title='bbox 47 2746 182 2789; x_wconf 76' lang='lat' dir='ltr'><strong>cundo</strong></span> <span class='ocrx_word' id='word_1_230' title='bbox 213 2759 256 2786; x_wconf 74' lang='grc' dir='ltr'><em>τε</em></span> <span class='ocrx_word' id='word_1_231' title='bbox 287 2756 379 2805; x_wconf 79' lang='lat' dir='ltr'><strong>post</strong></span> <span class='ocrx_word' id='word_1_232' title='bbox 407 2747 578 2803; x_wconf 76' lang='grc' dir='ltr'><em>εἰκότως</em></span> <span class='ocrx_word' id='word_1_233' title='bbox 600 2757 757 2798; x_wconf 80' lang='lat' dir='ltr'><strong>addidit</strong></span> <span class='ocrx_word' id='word_1_234' title='bbox 775 2757 997 2799; x_wconf 85' lang='lat' dir='ltr'><strong>Porsonus.</strong></span> <span class='ocrx_word' id='word_1_235' title='bbox 1030 2758 1073 2799; x_wconf 81' lang='lat' dir='ltr'><em>In</em></span> <span class='ocrx_word' id='word_1_236' title='bbox 1106 2758 1298 2799; x_wconf 78' lang='lat' dir='ltr'><strong>extremis</strong></span> <span class='ocrx_word' id='word_1_237' title='bbox 1328 2756 1512 2798; x_wconf 79' lang='lat' dir='ltr'><strong>versibus</strong></span> 
     </span>
    </p>
   </div>
  </div>
 </body>
</html>
