1702 3158
244 167 328 211 588
837 166 1098 210 EPIGENIS

938 310 1013 351 ΙΙΙ.

622 387 684 433 Τὸ
713 387 878 447 σκύφος
909 389 1049 447 ἔχαιρε
1077 387 1316 447 δεχόμενος.

353 495 590 537 Athenaeus
617 492 676 533 XI
703 505 744 546 p.
776 493 859 534 498
876 507 923 534 e:
960 492 1034 533 καὶ
1054 488 1227 544 ’Ἄλεξις
1254 491 1301 533 ἐν
1327 489 1550 550 Λευκαδίᾳ
1578 497 1683 546 (scil.

242 560 293 605 τὸ
322 559 486 618 σκύφος
514 563 644 613 dixit)
680 560 755 601 καὶ
778 556 1008 615 Ἐπιγένης
1036 560 1082 602 ἐν
1108 558 1303 618 Βακχείῳ
1331 564 1452 616 (libri
1481 562 1682 621 Βακχίῳ)

247 630 308 674 Τὸ
337 627 502 687 σκύφος
531 627 670 686 ἔχαιρε
697 625 938 686 δεχόμενος.

681 843 1236 888 ΗΡΩΙΝΗ.

395 1033 532 1078 Ἀλλ’
560 1033 661 1078 οὐδὲ
688 1033 970 1093 κεραμεύουσι
997 1035 1076 1078 νῦν
1103 1034 1204 1086 τοὺς
1230 1033 1482 1091 κανθάρους

404 1110 440 1160 ὦ
469 1117 621 1173 τάλαν,
649 1118 834 1170 ἐκείνους
860 1118 960 1170 τούς
987 1116 1159 1175 ἁδρούς,
1186 1118 1368 1167 ταπεινὰ
1395 1120 1441 1161 δὲ

397 1203 473 1245 καὶ
499 1202 703 1260 γλαφυρὰ
731 1201 900 1257 πάντες,
927 1200 1112 1260 ,ὡσπερεὶ
1139 1201 1195 1244 τὰ
1223 1200 1410 1258 ποτήρια

398 1283 503 1328 αὔτ’
535 1283 589 1330 οὗ
616 1287 695 1331 τὸν
722 1279 843 1331 οἶνον
866 1283 1078 1342 πιόμενοι.

340 1400 575 1442 Athenaeus
603 1399 704 1440 x111
733 1415 773 1453 p.
801 1401 885 1441 474
900 1414 936 1442 a.
967 1401 1019 1442 de
1049 1399 1253 1441 cantharis
1283 1398 1507 1442 disserens:
1546 1390 1676 1436 'Em-

231 1466 355 1521 γένης
380 1464 570 1523 Ἡρωίνῃ
594 1463 727 1508 Ἀλλ’
761 1465 862 1509 ούδέ
891 1467 980 1511 κτλ.
1036 1469 1108 1512 Vs.
1125 1469 1152 1509 3
1182 1471 1224 1509 et
1252 1469 1279 1508 4
1305 1463 1487 1519 ὡσπερεὶ
1516 1461 1570 1504 τὰ
1598 1478 1676 1506 πο-

229 1533 357 1592 τήρια
393 1532 499 1578 αὔτ’
531 1538 751 1587 Por-sonus.
809 1540 883 1580 AB
919 1534 978 1586 ὥς
1016 1536 1111 1592 περὶ
1149 1532 1264 1577 αὗτὰ
1301 1533 1354 1576 τὰ
1385 1529 1583 1590 ποτήρια.
1643 1535 1675 1576 P

227 1603 410 1663 ὡσπερεὶ
439 1601 554 1647 αὐτὰ
581 1603 636 1646 τὰ
665 1602 864 1663 ποτήρια.
923 1609 960 1652 V
987 1599 1132 1662 ὥσπερ
1160 1601 1274 1646 αὐτοὶ
1302 1602 1356 1645 τὰ
1385 1600 1584 1658 ποτήρια.
1642 1605 1675 1645 L

227 1669 373 1731 ὥσπερ
410 1671 523 1716 αὐτὰ
561 1671 762 1731 ποτήρια.
827 1678 985 1731 Recepi
1012 1681 1236 1730 praecunte
1265 1676 1475 1717 Dindorfio
1505 1674 1676 1717 Persou!

231 1748 521 1788 coniecturam.
592 1747 755 1787 Servari
798 1751 931 1788 tamen
974 1752 1109 1800 potest
1152 1747 1336 1787 codicum
1377 1746 1598 1797 scriptura,
1639 1744 1675 1785 si

229 1828 350 1857 versu
380 1816 502 1856 tertio
532 1815 685 1867 aliquid
716 1817 913 1856 excidisse
941 1821 1092 1858 statuas
1124 1820 1165 1857 et
1193 1817 1328 1857 locum
1356 1816 1412 1855 ita
1437 1815 1648 1867 disponas:

449 1882 524 1924 καὶ
553 1881 756 1938 γλαφυρὰ
784 1880 949 1931 πάντες
995 1915 1008 1926 .
1066 1914 1077 1926 .
1136 1914 1147 1926 .
1205 1914 1217 1926 .
1272 1880 1453 1936 ὡσπερεὶ

446 1949 563 1991 αὐτὰ
592 1950 646 1992 τὰ
676 1949 855 2007 ποτήρι’
885 1949 937 1993 ού
967 1951 1043 1993 τὸν
1071 1943 1191 1993 οἶνον
1218 1948 1428 2005 πιόμενοι.

226 2024 288 2064 Ac
316 2022 456 2062 nescio
485 2036 536 2064 au
566 2023 607 2062 id
637 2025 757 2067 ctiam
787 2025 1060 2065 necessarium
1090 2024 1156 2074 sit,
1188 2036 1279 2063 cum
1308 2023 1359 2066 ad
1388 2013 1571 2067 ταπεινὰ
1597 2019 1671 2060 καὶ
1699 2011 1702 2014 ’

226 2087 430 2145 γλαφυρὰ
456 2093 751 2141 substantivum
779 2095 1022 2146 requiratur,
1050 2097 1092 2141 et
1121 2086 1233 2132 αὐτὰ
1262 2092 1406 2138 melius
1435 2095 1529 2133 ante
1551 2103 1670 2144 quam

224 2165 318 2214 post
347 2156 531 2214 ποτήρια
562 2161 775 2203 inferatur.
840 2164 928 2203 Nec
958 2163 1124 2203 dubium
1154 2175 1244 2203 csse
1272 2166 1408 2215 potest
1436 2162 1533 2214 quid
1563 2160 1670 2201 exci-

225 2231 344 2272 derit.
414 2231 518 2273 Nam
557 2232 789 2284 ingentibus
826 2233 908 2272 illis
943 2232 1145 2279 cantharis
1184 2245 1264 2272 non
1303 2243 1428 2277 unum
1458 2231 1670 2282 quodlibet

224 2312 374 2341 nomen
410 2299 576 2340 minoris
615 2302 751 2353 poculi
799 2303 1030 2357 oppositum
1070 2301 1198 2342 fuisse
1236 2304 1552 2341 cousentaneum
1590 2305 1669 2359 est,

223 2371 296 2410 sed
339 2370 632 2410 deminutivum
676 2365 856 2424 ab'ipso
897 2372 970 2412 illo
999 2366 1225 2423 κάνθαρος
1264 2370 1504 2419 formatum,
1545 2370 1588 2411 h.
1629 2384 1666 2418 ket.

222 2434 516 2492 κανθαρίδια,
558 2440 666 2491 quod
701 2454 724 2479 a
752 2436 999 2494 κανθάριον
1026 2441 1244 2489 formatum
1281 2443 1393 2479 recte
1429 2441 1667 2493 antepenul-

223 2509 360 2549 timam
402 2509 603 2560 producit.
676 2510 819 2562 ltaque
866 2511 982 2551 locus
1031 2511 1088 2551 ita
1138 2509 1299 2550 videtur
1339 2522 1363 2548 a
1404 2515 1526 2562 poeta
1569 2510 1667 2558 scri-

222 2583 316 2633 ptus
349 2591 463 2619 csse:

387 2645 462 2685 καὶ
489 2643 691 2701 γλαφυρὰ
721 2642 876 2694 πάντες
903 2642 1180 2700 κανθαρίὸι’,
1207 2641 1390 2699 ω’σπερεὶ

389 2711 501 2755 αὐτὰ
530 2713 583 2756 τὰ
611 2713 802 2773 ποτήρι’,
828 2711 882 2758 οὗ
910 2712 986 2756 τὸν
1013 2706 1134 2757 οἶνον
1160 2711 1371 2768 πιόμενοι.
