1702 3158
238 171 290 211 14
354 190 357 193 r
779 165 1117 207 ANTIPHANIS

236 279 390 332 phanes
419 269 678 326 κατέδετᾶρα
713 274 822 315 h.-e.
852 272 1080 314 κατέδεται
1108 271 1193 328 ἄρα
1254 274 1396 315 eadem
1435 287 1458 316 c
1477 278 1578 328 rasi,
1607 289 1685 330 qua

236 349 385 399 legitur
413 360 519 387 nunc
558 344 666 396 apud
694 343 902 395 Aristoph.
932 343 1187 397 Thesmoph.
1214 344 1297 384 248
1336 337 1602 400 οἵμώξετόἷρα
1643 353 1687 389 et

237 417 413 457 Acharn.
442 416 526 454 325
557 406 805 463 δήξομᾶρα,
839 412 910 452 ubi
939 414 1030 452 vide
1060 413 1324 453 Dindorfium.
1363 415 1402 464 *)
1467 416 1586 468 Quod
1613 429 1685 458 au-

237 490 319 524 tem
349 485 546 524 locustam
588 496 610 521 a
639 480 943 520 Callimedontis
974 482 1112 521 amicis
1151 494 1357 522 comesum
1395 482 1446 522 iri
1485 484 1605 535 dicit,
1641 487 1684 535 id

236 554 333 593 satis
363 558 529 604 apparet
559 550 607 590 ad
626 550 819 602 parasitos
845 556 1031 601 spectare
1046 563 1146 602 quos
1161 551 1498 593 Callimedontem
1528 554 1682 596 aluisse

238 621 449 673 probabile
466 625 539 659 est.
557 646 609 652 —-
634 619 704 659 Vs.
717 619 787 658 10.
803 619 1074 659 Callisthenes
1089 632 1179 659 esse
1196 620 1356 659 videtur
1368 621 1438 660 ille
1449 622 1682 674 Phalereus,

236 691 305 741 qui
322 689 399 728 fuit
421 690 460 728 in
483 694 574 728 octo
592 693 796 728 oratorum
815 701 998 737 numero,
1017 701 1117 740 quos
1133 688 1361 729 Alexander
1371 690 1420 729 ad
1438 692 1681 744 supplicium

235 759 483 810 depoposcit.
541 757 728 797 Eundem
755 757 862 796 ridet
891 770 1017 796 novae
1046 758 1281 797 comoediae
1309 764 1430 810 poeta
1460 762 1567 812 apud
1586 762 1678 802 Sui-

233 827 324 866 dam
357 827 393 866 11
424 827 579 879 p.223:
607 824 683 864 καὶ
712 822 990 879 φθειριῶσαν
1017 820 1074 871 ὠς
1103 821 1127 864 ὁ
1157 826 1260 878 πρὶν
1280 825 1600 877 Καλλισθένης.
1623 855 1678 862 ..-

232 895 302 936 Vs.
331 896 375 933 11
421 895 720 934 meretriculam
762 895 1004 946 significari,
1043 895 1108 933 cui
1143 894 1289 947 Trigla
1320 897 1384 934 vel
1420 896 1575 950 Triglis
1605 911 1678 938 no·-

232 977 324 1003 men
354 964 493 1011 fuerit,
523 965 728 1003 annotavit
757 963 1180 1015 Schweighaeuserus.
1219 989 1273 996 —
1315 965 1384 1005 Vs.
1415 965 1468 1005 12
1510 967 1677 1019 respicit

232 1033 466 1073 Athenaeus
496 1033 594 1071 Xlll
632 1046 671 1084 p.
699 1033 844 1072 58612:
890 1025 1149 1083 μνημονεύει
1187 1028 1236 1069 δ’
1267 1026 1401 1081 αὐτῆς
1439 1034 1676 1087 (Sinopae)

228 1094 500 1152 Ἀντιφάνης
542 1098 590 1138 ἐν
623 1095 921 1154 “Αλιευομένῃ.
991 1100 1272 1140 Casaubonum
1309 1097 1491 1156 γόγγρον
1531 1103 1571 1143 in
1601 1105 1675 1144 ob-

230 1182 417 1209 scaenam
451 1175 607 1221 partem
647 1169 699 1209 de
738 1170 915 1221 Sinopae
954 1170 1147 1221 pudendo
1191 1170 1487 1223 intelligentem
1521 1174 1676 1213 notavit

229 1238 666 1290 Schweighaeuserus‚
697 1239 766 1289 qui
795 1239 1012 1278 verborum
1040 1239 1145 1278 hanc
1173 1243 1414 1280 structuram
1445 1254 1534 1281 esse
1563 1246 1676 1283 recte

230 1307 406 1355 monuit,
445 1303 522 1345 τὸν
558 1302 742 1360 γόγγρον
780 1303 856 1346 τὸν
893 1302 1101 1353 ἀκάνθας
1142 1302 1228 1356 ἤδη
1256 1308 1496 1363 παχυτέρας
1523 1308 1677 1364 ἔχοντα

229 1370 445 1422 Σινώπης.
524 1378 626 1416 Cum
674 1381 812 1416 vetere
859 1389 1009 1428 congro
1055 1382 1261 1428 comparat
1302 1382 1422 1430 poeta
1468 1381 1675 1432 Sinopem,

228 1458 332 1496 quae
360 1457 411 1483 ne
439 1452 629 1496 provecta
659 1446 821 1497 quidem
851 1451 983 1485 aetate
1012 1447 1181 1485 scortari
1211 1446 1399 1488 desierat.
1457 1449 1506 1490 V.
1523 1449 1673 1495 Athen.

228 1515 498 1567 X111p.586.
528 1539 583 1546 —-
613 1516 684 1556 Vs.
705 1515 759 1554 23
788 1514 961 1554 τουτονὶ
991 1510 1054 1562 τίς
1083 1515 1458 1567 Schweighaeuseri
1487 1523 1550 1557 est
1579 1531 1671 1557 cor-

227 1585 377 1623 rectio:
407 1584 502 1623 libri
531 1581 685 1622 τοῦτον
713 1581 826 1630 εἴτις.
886 1585 999 1623 Idem
1029 1585 1235 1624 Porsonus
1263 1585 1402 1625 voluit.
1431 1604 1487 1611 —-
1516 1587 1585 1628 Vs.
1618 1587 1670 1627 14

227 1648 458 1703 Μισγόλας
489 1654 572 1693 ΑΟ.
601 1648 823 1705 Σμιγόλας
853 1652 974 1693 PVL.
1004 1677 1058 1683 —-
1088 1653 1158 1692 Vs.
1175 1653 1227 1691 16
1255 1646 1307 1690 ὃν
1334 1647 1390 1691 ἂν
1418 1651 1503 1708 ἴδῃ.
1544 1656 1672 1695 Athe-

227 1732 353 1762 naeus
383 1722 410 1762 Ι.
441 1722 469 1762 l.
498 1735 538 1774 p.
569 1723 714 1762 33911:
743 1715 1023 1760 πιθανώτατ’
1055 1718 1127 1759 ἐπὶ
1154 1714 1322 1767 τούτοις
1351 1717 1374 1760 ὁ
1399 1716 1674 1777 Ἀντιφάνης

224 1790 298 1829 καὶ
337 1786 411 1829 τὸν
449 1786 686 1842 ,Μισγόλαν
721 1785 1022 1845 κεκωμῴδηκεν
1054 1783 1112 1835 ὠς
1139 1786 1439 1829 ἐσπουδακότα
1477 1792 1574 1844 περὶ
1608 1806 1672 1832 κι-

225 1858 355 1914 θαρῳ
366 1856 466 1905 δοὺς
495 1858 568 1898 καὶ
595 1856 858 1912 κιθαριστὰς
885 1854 1082 1907 ὡραίους.
1139 1858 1202 1898 De
1230 1860 1406 1911 Misgola
1434 1862 1670 1912 pulcrorum

229 1930 559 1969 citharoedorum
589 1934 769 1968 amatore
797 1929 1133 1981 impotentissimo
1165 1927 1258 1968 vide
1280 1929 1386 1969 Hist.
1417 1931 1668 1983 crit.p.386.

223 2024 277 2030 -—
322 1998 391 2038 Vs.
422 1999 474 2037 19
515 1994 685 2051 ἀνδρῶν
722 1994 748 2035 δ
760 1992 771 2006 ³
804 1993 985 2050 ἄριστον
1023 1997 1299 2038 Casaubonus.
1357 1993 1542 2052 ἄνδρωτ’
1575 1995 1669 2054 ἄρι-

223 2078 328 2105 στον
356 2069 405 2107 Λ.
463 2060 829 2120 ἀνδρωτάριστον.
887 2068 1115 2108 casauboni
1154 2065 1315 2106 codices
1344 2063 1666 2123 ἄνδροτάριχον.

223 2135 636 2188 Schweighaeuser-us
671 2132 840 2189 ἀνδρῶν
886 2131 927 2176 τ’
967 2131 1159 2189 ἄριστον.
1227 2137 1381 2199 lblidem
1423 2136 1584 2189 κωβιὸν
1619 2141 1666 2181 L.

222 2200 381 2255 κωβὶον
411 2205 495 2245 Ρν.
539 2229 592 2237 --
641 2206 709 2247 Vs.
739 2208 791 2246 21
829 2203 900 2244 ἐπὶ
936 2202 985 2244 τὸ
1015 2200 1199 2259 τάριχος.
1257 2207 1524 2260 Chaerephili
1559 2210 1668 2250 enim

223 2274 514 2313 salsamentarii
553 2275 661 2315 filios
704 2279 790 2316 tum
830 2276 970 2328 captos
999 2275 1165 2315 tenebat
1195 2275 1435 2327 Pythionice
1464 2278 1668 2319 amoribus
1700 2263 1702 2323 ἶ

311 2405 342 2448 ““)
374 2405 503 2438 Eadem
536 2407 642 2441 erasis
676 2407 889 2442 restituenda
920 2406 1058 2441 Achaeo
1091 2406 1180 2450 apud
1204 2406 1308 2449 Diog.
1331 2408 1498 2442 Laert.11
1521 2410 1565 2444 17
1588 2411 1668 2453 133,

224 2463 284 2497 ubi
309 2465 410 2507 vulgo
434 2464 562 2498 editur:

538 2518 719 2557 ‘meana'
745 2519 814 2568 ἄρα
837 2524 895 2556 καὶ
918 2522 1005 2567 πρὸς
1028 2518 1188 2556 ἀσθενῶν
1210 2523 1323 2565 ταχύς,
1694 2530 1702 2568 ᾖ

545 2584 602 2614 καὶ
624 2582 710 2626 πρὸς
731 2582 878 2624 χελώνης
902 2578 1000 2619 ἀετὸς
1023 2584 1140 2625 βραχεῖ
1159 2581 1286 2626 χρόνῳ.
1690 2577 1702 2586 ''

222 2638 424 2682 Imperfecto
454 2638 489 2673 in
514 2640 571 2673 tali
596 2641 788 2674 sententiae
813 2639 1081 2675 conformatione
1107 2643 1216 2674 nullus
1237 2643 1330 2675 locus
1355 2646 1416 2675 est.
1467 2642 1563 2682 Lege
1587 2641 1670 2675 &cM-2

225 2708 383 2742 σκεταρα.

1698 2602 1702 2621 ³.

1689 2631 1702 2655 ¹1

1682 2837 1698 3158 ——ffi-——wQ
1689 2787 1691 2791 Δ
