1702 3158
512 140 722 187 ΛΙΝΟΣ.
802 139 1053 185 ΛΟΚΡΟΙ.
1438 141 1525 184 445

0 242 1 281 3
51 262 96 303 iu
137 260 276 302 Diario
308 259 535 314 Edinbnrg.
567 259 673 299 1811
708 272 748 311 p.
780 259 862 299 169
903 257 1093 299 indicata.
1161 256 1260 297 Fuit
1298 256 1443 307 etiam,
1482 256 1524 298 ni

51 332 161 373 fallit
190 331 403 380 memoria,
433 331 502 383 qui
518 329 721 382 Epicratis
751 341 902 370 nomen
931 329 972 369 in
1003 327 1241 382 Epicharmi
1270 328 1408 370 locum
1437 327 1526 370 suf-

50 404 210 443 ficeret.
241 402 428 454 Denique
446 401 708 441 Hermannus
723 391 938 453 (Όμηρος,
965 393 1062 439 ἔστ’
1086 394 1368 453 Ἐπίχαρμος,
1386 394 1525 454 γράμ-

52 485 175 525 ματα
195 477 272 512 etc.
299 472 408 524 quod
425 469 573 511 ceteris
599 474 792 522 praestat.
824 495 878 503 --
910 472 981 512 Vs.
998 471 1025 510 8
1055 470 1317 511 scribendum
1337 462 1525 524 ὥρμηκε.

53 568 110 575 -
140 543 212 584 Vs.
244 542 296 581 12
326 546 419 581 ante
449 540 705 580 Dindorfium
737 541 994 581 scribebatur
1023 538 1170 592 Σιμοῦ
1197 546 1240 581 et
1268 536 1422 594 Σιμός.
1464 542 1526 584 De

55 613 191 661 Simo,
229 612 428 652 histrione
468 611 624 663 tragico
662 611 893 663 eodemque
929 612 1027 651 artis
1058 612 1281 653 culinariae
1311 613 1527 667 scriptore,

55 683 158 723 nihil
188 682 354 722 aliunde
383 686 639 734 compertum
671 681 820 721 habeo.
879 681 1004 722 Hunc
1034 695 1116 722 non
1147 682 1353 724 diversum
1382 698 1474 726 esse
1503 697 1528 727 a

55 752 167 793 Simo
183 752 409 805 Magnesia,
441 766 464 792 a
494 765 573 804 quo
591 751 775 792 Simoedi
808 751 906 790 dicti
936 755 1031 792 sunt
1059 752 1347 802 (Athen.XlV
1365 755 1448 794 620
1465 755 1529 807 d),

54 834 197 874 parum
227 823 448 875 probabilis
486 827 548 862 est
585 822 765 874 opinatio
797 821 1196 874 Schweighaeuseri.
1255 849 1312 855 —-
1369 826 1441 866 Vs.
1474 827 1528 866 17

53 886 161 931 ἐσθ’
193 883 434 947 ἅνθρωπος
471 892 693 932 Iacobsius.
753 892 889 944 Vulgo
927 887 1022 931 ἐστ’
1055 887 1312 946 ἄνθρωπος.
1372 895 1528 938 Locum

52 967 168 1003 recte
197 963 360 1004 videtur
389 964 644 1004 intellexisse
675 962 870 1003 Nnekius.
931 963 1190 1013 ,‚Hercules‚
1218 965 1288 1017 qui
1317 972 1529 1018 arreptum

53 1033 157 1075 simi
186 1034 371 1075 libellum
402 1035 551 1087 cupide
582 1046 827 1086 percurrere
857 1038 1067 1086 coeperat,
1097 1035 1364 1076 mirabundus
1395 1037 1530 1078 excla-

54 1109 141 1145 mat
170 1098 379 1156 βούλιμός
409 1099 515 1144 ἐσθ’
549 1096 803 1158 ἅνθρωπος.
870 1104 980 1144 Tum
1020 1105 1070 1144 ad
1103 1106 1196 1146 Lini
1235 1108 1387 1156 verba,
1424 1121 1530 1160 quae

56 1187 140 1216 non
171 1175 278 1215 bene
308 1179 567 1228 perceperat,
596 1175 670 1216 sed
702 1187 807 1227 quae
839 1178 976 1215 tamen
1007 1176 1049 1216 in
1066 1176 1167 1216 Simi
1196 1176 1392 1219 invidiam
1422 1179 1530 1222 dicta

58 1257 150 1287 esse
179 1245 534 1297 animadverterat,
563 1244 800 1300 respondet,
831 1235 862 1283 δ’
887 1257 930 1283 τι
961 1239 1111 1298 βούλει
1139 1244 1234 1300 λέγε
1265 1249 1373 1290 etc.’'

765 1369 819 1409 11.

171 1458 410 1501 Athenaeus
440 1459 519 1501 VII
549 1471 590 1511 p.
622 1459 704 1499 289
723 1458 762 1499 f:
797 1456 1059 1513 μνημονεύει
1103 1458 1149 1501 δὲ
1180 1459 1258 1501 τοῦ
1297 1459 1528 1520 Μενεκρά-

54 1541 157 1577 τους
185 1527 259 1568 καὶ
280 1524 458 1579 ’Ἀλεξις
486 1526 532 1567 ἐν
563 1524 717 1584 Μίνῳ,
758 1531 830 1570 ubi
858 1527 981 1587 Λίνῳ
1009 1533 1234 1586 legendum
1272 1548 1363 1575 esse
1393 1537 1529 1589 suspi-

57 1604 173 1641 catus
219 1613 308 1640 sum
350 1601 459 1640 Hist.
499 1600 588 1640 crit.
627 1613 668 1652 p.
698 1601 795 1642 392.
871 1602 934 1643 De
973 1604 1214 1644 Menecrate
1255 1606 1530 1659 Syracusano,

57 1671 244 1712 medicae
282 1671 381 1710 artis
420 1675 674 1711 ostentatore
723 1671 1021 1723 famosissimo,
1068 1676 1185 1727 plura
1224 1677 1362 1715 attulit
1398 1678 1528 1718 Athe-

58 1754 202 1782 naeus.
261 1742 354 1783 Vid.
388 1754 515 1795 supra
546 1755 585 1794 p.
617 1742 713 1783 337.
764 1768 820 1775 —
876 1744 939 1784 De
969 1745 1048 1785 alio
1078 1745 1311 1799 fragmento
1343 1748 1393 1787 ad
1421 1749 1529 1790 hanc

58 1811 240 1853 fabulam
277 1812 386 1852 haud
430 1813 690 1866 improbabili
728 1814 965 1856 coniectura
1008 1816 1257 1868 referendo,
1306 1818 1399 1860 vide
1442 1820 1526 1862 Ine.

58 1881 142 1925 fab.
170 1882 318 1938 fragm.
347 1883 457 1925 LXI.

520 2050 1058 2096 AOKPOJ.

782 2169 814 2210 I.

698 2256 762 2297 Αἱ
793 2256 840 2298 δὲ
869 2258 1022 2308 παῖδες
1051 2259 1263 2314 παρέχεον

247 2333 274 2386 ἦ
304 2339 385 2390 μὲν
412 2336 463 2379 τὸ
491 2336 676 2396 θερμόν,
707 2337 733 2392 ἡ
767 2338 816 2382 δ’
845 2340 968 2400 ἑτέρα
998 2341 1047 2385 τὸ
1075 2341 1325 2400 μετάκερας.

175 2451 411 2493 Athenaeus
443 2453 502 2493 111
533 2469 572 2508 p.
587 2457 729 2497 123e.
761 2453 811 2497 τὸ
843 2457 888 2499 δὲ
912 2455 1097 2514 χλιαρὸν
1126 2452 1243 2514 ὕδωρ
1275 2454 1529 2510 Ἀθηναῖοι

68 2513 299 2574 μετάκερας
333 2521 563 2576 καλοῦσιν,
603 2522 661 2574 ὠς
698 2523 902 2584 Σώφιλος
940 2529 986 2570 ἐν
1019 2526 1292 2585 Ἀνδροκλεῖ.
1348 2527 1528 2584 ”Αλεξις

72 2582 124 2625 δ’
162 2586 208 2627 ἐν
243 2591 425 2646 Λοκροῖς
460 2593 523 2634 Αἱ
562 2593 607 2635 δὲ
643 2596 796 2647 παῖδες
832 2600 923 2642 κτλ.
995 2603 1068 2644 Vs.
1097 2603 1124 2642 2
1168 2603 1384 2645 articulum
1431 2609 1528 2646 ante

70 2651 301 2722 μετάκερας
328 2663 439 2704 addit
467 2666 679 2709 Bentleius
708 2671 760 2711 ad
792 2671 1023 2715 Philemon.
1052 2687 1094 2728 p
1126 2673 1526 2717 113·Dl1¹d⁰¹'fi⁰⁸

72 2728 253 2770 tentabat
279 2726 410 2786 ἁτέρα
437 2733 483 2775 δὲ
509 2734 760 2795 μετάκερας.
