<?xml version="1.0" encoding="UTF-8"?>
<!DOCTYPE html PUBLIC "-//W3C//DTD XHTML 1.0 Transitional//EN"
    "http://www.w3.org/TR/xhtml1/DTD/xhtml1-transitional.dtd">
<html xmlns="http://www.w3.org/1999/xhtml" xml:lang="en" lang="en">
 <head>
  <title>
</title>
<meta http-equiv="Content-Type" content="text/html;charset=utf-8" />
  <meta name='ocr-system' content='tesseract 3.04.00' />
  <meta name='ocr-capabilities' content='ocr_page ocr_carea ocr_par ocr_line ocrx_word'/>
</head>
<body>
  <div class='ocr_page' id='page_1' title='image "./fragmentacomicor03meinuoft_0702.png"; bbox 0 0 1656 3146; ppageno 0'>
   <div class='ocr_carea' id='block_1_1' title="bbox 231 127 1062 173">
    <p class='ocr_par' dir='ltr' id='par_1_1' title="bbox 231 127 1062 173">
     <span class='ocr_line' id='line_1_1' title="bbox 231 127 1062 173; baseline -0.005 0"><span class='ocrx_word' id='word_1_1' title='bbox 231 131 314 173; x_wconf 70' lang='grc' dir='ltr'><strong>ΒΜ</strong></span> <span class='ocrx_word' id='word_1_2' title='bbox 848 127 1062 170; x_wconf 62' lang='lat' dir='ltr'><strong>aunxis.</strong></span> 
     </span>
    </p>
   </div>
   <div class='ocr_carea' id='block_1_2' title="bbox 230 239 1649 427">
    <p class='ocr_par' dir='ltr' id='par_1_2' title="bbox 230 239 1649 427">
     <span class='ocr_line' id='line_1_2' title="bbox 234 239 1182 292; baseline -0.007 -7"><span class='ocrx_word' id='word_1_3' title='bbox 234 243 420 285; x_wconf 79' lang='lat' dir='ltr'><strong>exhausit</strong></span> <span class='ocrx_word' id='word_1_4' title='bbox 450 253 605 283; x_wconf 82' lang='lat' dir='ltr'><strong>omnes.</strong></span> <span class='ocrx_word' id='word_1_5' title='bbox 664 240 784 292; x_wconf 82' lang='lat' dir='ltr'><strong>vulgo</strong></span> <span class='ocrx_word' id='word_1_6' title='bbox 814 239 924 291; x_wconf 84' lang='lat' dir='ltr'><strong>quod</strong></span> <span class='ocrx_word' id='word_1_7' title='bbox 952 239 1033 280; x_wconf 86' lang='lat' dir='ltr'><strong>dici</strong></span> <span class='ocrx_word' id='word_1_8' title='bbox 1062 239 1182 287; x_wconf 72' lang='lat' dir='ltr'><strong>solet,</strong></span> 
     </span>
     <span class='ocr_line' id='line_1_3' title="bbox 230 310 1643 363; baseline -0.007 -11"><span class='ocrx_word' id='word_1_9' title='bbox 230 313 352 352; x_wconf 87' lang='lat' dir='ltr'><strong>homo</strong></span> <span class='ocrx_word' id='word_1_10' title='bbox 382 324 544 363; x_wconf 81' lang='lat' dir='ltr'><strong>semper</strong></span> <span class='ocrx_word' id='word_1_11' title='bbox 574 311 670 350; x_wconf 77' lang='lat' dir='ltr'><strong>alios</strong></span> <span class='ocrx_word' id='word_1_12' title='bbox 701 321 840 350; x_wconf 84' lang='lat' dir='ltr'><strong>saccus</strong></span> <span class='ocrx_word' id='word_1_13' title='bbox 871 313 933 349; x_wconf 84' lang='lat' dir='ltr'><strong>est</strong></span> <span class='ocrx_word' id='word_1_14' title='bbox 960 310 1059 350; x_wconf 69' lang='lat' dir='ltr'><strong>alins</strong></span> <span class='ocrx_word' id='word_1_15' title='bbox 1087 314 1193 356; x_wconf 85' lang='lat' dir='ltr'><strong>uter,</strong></span> <span class='ocrx_word' id='word_1_16' title='bbox 1636 337 1643 342; x_wconf 82' lang='lat'><em>.</em></span> 
     </span>
     <span class='ocr_line' id='line_1_4' title="bbox 234 381 1649 427; baseline -0.009 -7"><span class='ocrx_word' id='word_1_17' title='bbox 234 381 275 420; x_wconf 83' lang='lat' dir='ltr'><strong>id</strong></span> <span class='ocrx_word' id='word_1_18' title='bbox 304 381 363 420; x_wconf 76' lang='lat' dir='ltr'><strong>illi</strong></span> <span class='ocrx_word' id='word_1_19' title='bbox 395 382 541 420; x_wconf 79' lang='lat' dir='ltr'><strong>evenit.</strong></span> <span class='ocrx_word' id='word_1_20' title='bbox 1629 390 1649 427; x_wconf 66' lang='lat'><strong>‘³3</strong></span> 
     </span>
    </p>
   </div>
   <div class='ocr_carea' id='block_1_3' title="bbox 829 448 1087 458">
    <p class='ocr_par' dir='ltr' id='par_1_3' title="bbox 829 448 1087 458">
     <span class='ocr_line' id='line_1_5' title="bbox 829 448 1087 458; baseline 0 2688"><span class='ocrx_word' id='word_1_21' title='bbox 829 448 1087 458; x_wconf 95' lang='lat' dir='ltr'><strong> </strong></span> 
     </span>
    </p>
   </div>
   <div class='ocr_carea' id='block_1_4' title="bbox 737 512 1189 556">
    <p class='ocr_par' dir='ltr' id='par_1_4' title="bbox 737 512 1189 556">
     <span class='ocr_line' id='line_1_6' title="bbox 737 512 1189 556; baseline -0.002 0"><span class='ocrx_word' id='word_1_22' title='bbox 737 512 1189 556; x_wconf 85' lang='grc' dir='ltr'><em>ΘΗΒΑΙΟΙ.</em></span> 
     </span>
    </p>
   </div>
   <div class='ocr_carea' id='block_1_5' title="bbox 237 598 1439 725">
    <p class='ocr_par' dir='ltr' id='par_1_5' title="bbox 237 598 1439 725">
     <span class='ocr_line' id='line_1_7' title="bbox 237 598 1439 655; baseline -0.005 -13"><span class='ocrx_word' id='word_1_23' title='bbox 237 604 326 655; x_wconf 79' lang='lat' dir='ltr'><strong>Quo</strong></span> <span class='ocrx_word' id='word_1_24' title='bbox 357 614 510 654; x_wconf 81' lang='lat' dir='ltr'><strong>genere</strong></span> <span class='ocrx_word' id='word_1_25' title='bbox 539 601 700 641; x_wconf 73' lang='lat' dir='ltr'><strong>tande·</strong></span> <span class='ocrx_word' id='word_1_26' title='bbox 731 604 849 640; x_wconf 74' lang='lat' dir='ltr'><strong>natus</strong></span> <span class='ocrx_word' id='word_1_27' title='bbox 875 600 948 640; x_wconf 82' lang='lat' dir='ltr'><strong>iiie</strong></span> <span class='ocrx_word' id='word_1_28' title='bbox 977 601 1072 639; x_wconf 76' lang='lat' dir='ltr'><strong>est?</strong></span> <span class='ocrx_word' id='word_1_29' title='bbox 1130 600 1177 639; x_wconf 88' lang='grc' dir='ltr'><strong>Β.</strong></span> <span class='ocrx_word' id='word_1_30' title='bbox 1208 598 1327 639; x_wconf 84' lang='lat' dir='ltr'><strong>Dives</strong></span> <span class='ocrx_word' id='word_1_31' title='bbox 1355 599 1439 637; x_wconf 85' lang='lat' dir='ltr'><strong>est:</strong></span> 
     </span>
     <span class='ocr_line' id='line_1_8' title="bbox 237 668 1334 725; baseline -0.005 -13"><span class='ocrx_word' id='word_1_32' title='bbox 237 672 344 725; x_wconf 89' lang='lat' dir='ltr'><strong>quod</strong></span> <span class='ocrx_word' id='word_1_33' title='bbox 376 683 482 711; x_wconf 93' lang='lat' dir='ltr'><strong>nunc</strong></span> <span class='ocrx_word' id='word_1_34' title='bbox 511 682 641 722; x_wconf 83' lang='lat' dir='ltr'><strong>genus</strong></span> <span class='ocrx_word' id='word_1_35' title='bbox 671 682 811 709; x_wconf 88' lang='lat' dir='ltr'><strong>omnes</strong></span> <span class='ocrx_word' id='word_1_36' title='bbox 841 668 1018 708; x_wconf 81' lang='lat' dir='ltr'><strong>vocitant</strong></span> <span class='ocrx_word' id='word_1_37' title='bbox 1047 668 1334 709; x_wconf 83' lang='lat' dir='ltr'><strong>nobilissimos.</strong></span> 
     </span>
    </p>
   </div>
   <div class='ocr_carea' id='block_1_6' title="bbox 824 763 1082 771">
    <p class='ocr_par' dir='ltr' id='par_1_6' title="bbox 824 763 1082 771">
     <span class='ocr_line' id='line_1_9' title="bbox 824 763 1082 771; baseline 0 0"><span class='ocrx_word' id='word_1_38' title='bbox 824 763 1082 771; x_wconf 95' lang='lat' dir='ltr'><strong> </strong></span> 
     </span>
    </p>
   </div>
   <div class='ocr_carea' id='block_1_7' title="bbox 624 830 1306 875">
    <p class='ocr_par' dir='ltr' id='par_1_7' title="bbox 624 830 1306 875">
     <span class='ocr_line' id='line_1_10' title="bbox 624 830 1306 875; baseline -0.001 0"><span class='ocrx_word' id='word_1_39' title='bbox 624 830 1306 875; x_wconf 83' lang='grc' dir='ltr'><em>ΘΗΤΕΥΟΝΤΕΣ.</em></span> 
     </span>
    </p>
   </div>
   <div class='ocr_carea' id='block_1_8' title="bbox 236 917 1138 1042">
    <p class='ocr_par' dir='ltr' id='par_1_8' title="bbox 236 917 1138 1042">
     <span class='ocr_line' id='line_1_11' title="bbox 236 917 1136 974; baseline -0.006 -13"><span class='ocrx_word' id='word_1_40' title='bbox 236 922 476 974; x_wconf 74' lang='lat' dir='ltr'><strong>Quicunque</strong></span> <span class='ocrx_word' id='word_1_41' title='bbox 506 924 626 971; x_wconf 83' lang='lat' dir='ltr'><strong>negat</strong></span> <span class='ocrx_word' id='word_1_42' title='bbox 655 920 805 959; x_wconf 83' lang='lat' dir='ltr'><strong>habere</strong></span> <span class='ocrx_word' id='word_1_43' title='bbox 830 917 982 958; x_wconf 83' lang='lat' dir='ltr'><strong>iuranti</strong></span> <span class='ocrx_word' id='word_1_44' title='bbox 1010 917 1136 957; x_wconf 86' lang='lat' dir='ltr'><strong>fidem</strong></span> 
     </span>
     <span class='ocr_line' id='line_1_12' title="bbox 237 987 1138 1042; baseline -0.004 -12"><span class='ocrx_word' id='word_1_45' title='bbox 237 990 442 1042; x_wconf 84' lang='lat' dir='ltr'><strong>detegitur</strong></span> <span class='ocrx_word' id='word_1_46' title='bbox 471 991 560 1042; x_wconf 91' lang='lat' dir='ltr'><strong>ipse</strong></span> <span class='ocrx_word' id='word_1_47' title='bbox 589 993 799 1041; x_wconf 87' lang='lat' dir='ltr'><strong>promptus</strong></span> <span class='ocrx_word' id='word_1_48' title='bbox 828 987 869 1026; x_wconf 88' lang='lat' dir='ltr'><strong>in</strong></span> <span class='ocrx_word' id='word_1_49' title='bbox 898 987 1138 1038; x_wconf 86' lang='lat' dir='ltr'><strong>periurium.</strong></span> 
     </span>
    </p>
   </div>
   <div class='ocr_carea' id='block_1_9' title="bbox 839 1081 1094 1090">
    <p class='ocr_par' dir='ltr' id='par_1_9' title="bbox 839 1081 1094 1090">
     <span class='ocr_line' id='line_1_13' title="bbox 839 1081 1094 1090; baseline 0 2056"><span class='ocrx_word' id='word_1_50' title='bbox 839 1081 1094 1090; x_wconf 95' lang='lat' dir='ltr'><strong> </strong></span> 
     </span>
    </p>
   </div>
   <div class='ocr_carea' id='block_1_10' title="bbox 701 1149 1230 1193">
    <p class='ocr_par' dir='ltr' id='par_1_10' title="bbox 701 1149 1230 1193">
     <span class='ocr_line' id='line_1_14' title="bbox 701 1149 1230 1193; baseline 0.002 -1"><span class='ocrx_word' id='word_1_51' title='bbox 701 1149 1230 1193; x_wconf 83' lang='grc' dir='ltr'><em>ΙΠΠΕΥΣ.</em></span> 
     </span>
    </p>
   </div>
   <div class='ocr_carea' id='block_1_11' title="bbox 239 1236 1392 1556">
    <p class='ocr_par' dir='ltr' id='par_1_11' title="bbox 239 1236 1324 1359">
     <span class='ocr_line' id='line_1_15' title="bbox 239 1236 1324 1290; baseline -0.004 -11"><span class='ocrx_word' id='word_1_52' title='bbox 239 1238 332 1279; x_wconf 91' lang='lat' dir='ltr'><strong>Hoc</strong></span> <span class='ocrx_word' id='word_1_53' title='bbox 362 1242 423 1278; x_wconf 85' lang='lat' dir='ltr'><strong>est</strong></span> <span class='ocrx_word' id='word_1_54' title='bbox 455 1236 701 1277; x_wconf 83' lang='lat' dir='ltr'><strong>Xenocrates</strong></span> <span class='ocrx_word' id='word_1_55' title='bbox 732 1249 847 1290; x_wconf 82' lang='lat' dir='ltr'><strong>ergo,</strong></span> <span class='ocrx_word' id='word_1_56' title='bbox 874 1237 954 1277; x_wconf 82' lang='lat' dir='ltr'><strong>hoc</strong></span> <span class='ocrx_word' id='word_1_57' title='bbox 984 1241 1046 1277; x_wconf 80' lang='lat' dir='ltr'><strong>est</strong></span> <span class='ocrx_word' id='word_1_58' title='bbox 1075 1236 1324 1278; x_wconf 71' lang='lat' dir='ltr'><strong>Academia?</strong></span> 
     </span>
     <span class='ocr_line' id='line_1_16' title="bbox 239 1307 1073 1359; baseline -0.001 -12"><span class='ocrx_word' id='word_1_59' title='bbox 239 1308 446 1347; x_wconf 84' lang='lat' dir='ltr'><strong>Demetrio</strong></span> <span class='ocrx_word' id='word_1_60' title='bbox 479 1312 599 1358; x_wconf 84' lang='lat' dir='ltr'><strong>atque</strong></span> <span class='ocrx_word' id='word_1_61' title='bbox 629 1308 765 1359; x_wconf 84' lang='lat' dir='ltr'><strong>legum</strong></span> <span class='ocrx_word' id='word_1_62' title='bbox 797 1307 1073 1346; x_wconf 70' lang='lat' dir='ltr'><strong>conditoribus</strong></span> 
     </span>
    </p>

    <p class='ocr_par' dir='ltr' id='par_1_12' title="bbox 240 1373 1392 1496">
     <span class='ocr_line' id='line_1_17' title="bbox 240 1373 1392 1428; baseline -0.003 -13"><span class='ocrx_word' id='word_1_63' title='bbox 240 1377 345 1415; x_wconf 78' lang='lat' dir='ltr'><strong>bonu</strong></span> <span class='ocrx_word' id='word_1_64' title='bbox 376 1376 499 1414; x_wconf 81' lang='lat' dir='ltr'><strong>multa</strong></span> <span class='ocrx_word' id='word_1_65' title='bbox 530 1377 577 1415; x_wconf 89' lang='lat' dir='ltr'><strong>Di</strong></span> <span class='ocrx_word' id='word_1_66' title='bbox 608 1377 717 1424; x_wconf 76' lang='lat' dir='ltr'><strong>dent,</strong></span> <span class='ocrx_word' id='word_1_67' title='bbox 747 1376 855 1428; x_wconf 89' lang='lat' dir='ltr'><strong>quod</strong></span> <span class='ocrx_word' id='word_1_68' title='bbox 886 1389 955 1416; x_wconf 83' lang='lat' dir='ltr'><strong>eos</strong></span> <span class='ocrx_word' id='word_1_69' title='bbox 985 1376 1054 1427; x_wconf 91' lang='lat' dir='ltr'><strong>qui</strong></span> <span class='ocrx_word' id='word_1_70' title='bbox 1080 1388 1128 1414; x_wconf 85' lang='lat' dir='ltr'><strong>se</strong></span> <span class='ocrx_word' id='word_1_71' title='bbox 1157 1373 1392 1426; x_wconf 76' lang='lat' dir='ltr'><strong>praedicant</strong></span> 
     </span>
     <span class='ocr_line' id='line_1_18' title="bbox 241 1445 1147 1496; baseline 0 -13"><span class='ocrx_word' id='word_1_72' title='bbox 241 1446 403 1484; x_wconf 79' lang='lat' dir='ltr'><strong>tradere</strong></span> <span class='ocrx_word' id='word_1_73' title='bbox 433 1446 621 1485; x_wconf 87' lang='lat' dir='ltr'><strong>iuventae</strong></span> <span class='ocrx_word' id='word_1_74' title='bbox 653 1447 756 1485; x_wconf 89' lang='lat' dir='ltr'><strong>bene</strong></span> <span class='ocrx_word' id='word_1_75' title='bbox 786 1446 947 1485; x_wconf 85' lang='lat' dir='ltr'><strong>dicendi</strong></span> <span class='ocrx_word' id='word_1_76' title='bbox 978 1445 1147 1496; x_wconf 86' lang='lat' dir='ltr'><strong>copiam,</strong></span> 
     </span>
    </p>

    <p class='ocr_par' dir='ltr' id='par_1_13' title="bbox 241 1512 1263 1556">
     <span class='ocr_line' id='line_1_19' title="bbox 241 1512 1263 1556; baseline -0.003 -3"><span class='ocrx_word' id='word_1_77' title='bbox 241 1515 447 1554; x_wconf 86' lang='lat' dir='ltr'><strong>iusserunt</strong></span> <span class='ocrx_word' id='word_1_78' title='bbox 477 1515 558 1553; x_wconf 85' lang='lat' dir='ltr'><strong>fine</strong></span> <span class='ocrx_word' id='word_1_79' title='bbox 589 1528 635 1555; x_wconf 79' lang='lat' dir='ltr'><strong>ex</strong></span> <span class='ocrx_word' id='word_1_80' title='bbox 666 1515 799 1556; x_wconf 82' lang='lat' dir='ltr'><strong>Attico</strong></span> <span class='ocrx_word' id='word_1_81' title='bbox 828 1516 889 1554; x_wconf 86' lang='lat' dir='ltr'><strong>ire</strong></span> <span class='ocrx_word' id='word_1_82' title='bbox 917 1515 958 1554; x_wconf 91' lang='lat' dir='ltr'><strong>in</strong></span> <span class='ocrx_word' id='word_1_83' title='bbox 989 1526 1075 1554; x_wconf 89' lang='lat' dir='ltr'><strong>rem</strong></span> <span class='ocrx_word' id='word_1_84' title='bbox 1104 1512 1263 1553; x_wconf 71' lang='lat' dir='ltr'><strong>malam.</strong></span> 
     </span>
    </p>
   </div>
   <div class='ocr_carea' id='block_1_12' title="bbox 934 1608 1093 1616">
    <p class='ocr_par' dir='ltr' id='par_1_14' title="bbox 934 1608 1093 1616">
     <span class='ocr_line' id='line_1_20' title="bbox 934 1608 1093 1616; baseline 0 1530"><span class='ocrx_word' id='word_1_85' title='bbox 934 1608 1093 1616; x_wconf 95' lang='lat' dir='ltr'><strong> </strong></span> 
     </span>
    </p>
   </div>
   <div class='ocr_carea' id='block_1_13' title="bbox 648 1674 1293 1720">
    <p class='ocr_par' dir='ltr' id='par_1_15' title="bbox 648 1674 1293 1720">
     <span class='ocr_line' id='line_1_21' title="bbox 648 1674 1293 1720; baseline -0.005 0"><span class='ocrx_word' id='word_1_86' title='bbox 648 1674 1293 1720; x_wconf 79' lang='grc' dir='ltr'><em>ΙΣΟΣΤΛΣΙΟΝ.</em></span> 
     </span>
    </p>
   </div>
   <div class='ocr_carea' id='block_1_14' title="bbox 247 1761 1656 2510">
    <p class='ocr_par' dir='ltr' id='par_1_16' title="bbox 247 1761 1534 2013">
     <span class='ocr_line' id='line_1_22' title="bbox 250 1761 1445 1816; baseline -0.005 -11"><span class='ocrx_word' id='word_1_87' title='bbox 250 1766 305 1805; x_wconf 92' lang='lat' dir='ltr'><strong>Ut</strong></span> <span class='ocrx_word' id='word_1_88' title='bbox 334 1766 408 1805; x_wconf 88' lang='lat' dir='ltr'><strong>sibi</strong></span> <span class='ocrx_word' id='word_1_89' title='bbox 439 1769 649 1816; x_wconf 82' lang='lat' dir='ltr'><strong>quaestum</strong></span> <span class='ocrx_word' id='word_1_90' title='bbox 680 1766 897 1805; x_wconf 78' lang='lat' dir='ltr'><strong>concilient</strong></span> <span class='ocrx_word' id='word_1_91' title='bbox 924 1777 972 1804; x_wconf 79' lang='lat' dir='ltr'><strong>ac</strong></span> <span class='ocrx_word' id='word_1_92' title='bbox 1002 1764 1232 1816; x_wconf 68' lang='lat' dir='ltr'><strong>despolient</strong></span> <span class='ocrx_word' id='word_1_93' title='bbox 1258 1761 1445 1808; x_wconf 76' lang='lat' dir='ltr'><strong>aiterum,</strong></span> 
     </span>
     <span class='ocr_line' id='line_1_23' title="bbox 247 1829 1479 1887; baseline -0.004 -15"><span class='ocrx_word' id='word_1_94' title='bbox 247 1846 346 1886; x_wconf 83' lang='lat' dir='ltr'><strong>prae</strong></span> <span class='ocrx_word' id='word_1_95' title='bbox 374 1834 454 1874; x_wconf 89' lang='lat' dir='ltr'><strong>hoc</strong></span> <span class='ocrx_word' id='word_1_96' title='bbox 483 1835 621 1874; x_wconf 79' lang='lat' dir='ltr'><strong>labore</strong></span> <span class='ocrx_word' id='word_1_97' title='bbox 650 1835 806 1887; x_wconf 80' lang='lat' dir='ltr'><strong>reliqua</strong></span> <span class='ocrx_word' id='word_1_98' title='bbox 836 1839 980 1875; x_wconf 86' lang='lat' dir='ltr'><strong>cuncta</strong></span> <span class='ocrx_word' id='word_1_99' title='bbox 1009 1834 1162 1873; x_wconf 86' lang='lat' dir='ltr'><strong>ducunt</strong></span> <span class='ocrx_word' id='word_1_100' title='bbox 1191 1829 1479 1885; x_wconf 82' lang='lat' dir='ltr'><strong>perfunctoria.</strong></span> 
     </span>
     <span class='ocr_line' id='line_1_24' title="bbox 249 1899 1534 1956; baseline -0.005 -13"><span class='ocrx_word' id='word_1_101' title='bbox 249 1904 436 1943; x_wconf 83' lang='lat' dir='ltr'><strong>omuibus</strong></span> <span class='ocrx_word' id='word_1_102' title='bbox 465 1908 626 1944; x_wconf 88' lang='lat' dir='ltr'><strong>struunt</strong></span> <span class='ocrx_word' id='word_1_103' title='bbox 654 1904 833 1945; x_wconf 80' lang='lat' dir='ltr'><strong>insidias.</strong></span> <span class='ocrx_word' id='word_1_104' title='bbox 890 1909 1101 1956; x_wconf 75' lang='lat' dir='ltr'><strong>postquam</strong></span> <span class='ocrx_word' id='word_1_105' title='bbox 1131 1903 1190 1942; x_wconf 88' lang='lat' dir='ltr'><strong>sic</strong></span> <span class='ocrx_word' id='word_1_106' title='bbox 1218 1914 1305 1941; x_wconf 86' lang='lat' dir='ltr'><strong>rem</strong></span> <span class='ocrx_word' id='word_1_107' title='bbox 1333 1899 1534 1945; x_wconf 84' lang='lat' dir='ltr'><strong>fecerunt,</strong></span> 
     </span>
     <span class='ocr_line' id='line_1_25' title="bbox 250 1972 1385 2013; baseline -0.004 -1"><span class='ocrx_word' id='word_1_108' title='bbox 250 1974 328 2012; x_wconf 78' lang='lat' dir='ltr'><strong>alia</strong></span> <span class='ocrx_word' id='word_1_109' title='bbox 356 1974 432 2012; x_wconf 86' lang='lat' dir='ltr'><strong>sibi</strong></span> <span class='ocrx_word' id='word_1_110' title='bbox 461 1975 640 2013; x_wconf 76' lang='lat' dir='ltr'><strong>scot-tilia</strong></span> <span class='ocrx_word' id='word_1_111' title='bbox 669 1973 897 2013; x_wconf 79' lang='lat' dir='ltr'><strong>adsciscunt</strong></span> <span class='ocrx_word' id='word_1_112' title='bbox 927 1974 1025 2013; x_wconf 85' lang='lat' dir='ltr'><strong>artis</strong></span> <span class='ocrx_word' id='word_1_113' title='bbox 1054 1972 1206 2011; x_wconf 86' lang='lat' dir='ltr'><strong>tirones</strong></span> <span class='ocrx_word' id='word_1_114' title='bbox 1235 1982 1385 2010; x_wconf 81' lang='lat' dir='ltr'><strong>novas:</strong></span> 
     </span>
    </p>

    <p class='ocr_par' dir='ltr' id='par_1_17' title="bbox 250 2042 1390 2095">
     <span class='ocr_line' id='line_1_26' title="bbox 250 2042 1390 2095; baseline -0.004 -13"><span class='ocrx_word' id='word_1_115' title='bbox 250 2042 323 2082; x_wconf 85' lang='lat' dir='ltr'><strong>has</strong></span> <span class='ocrx_word' id='word_1_116' title='bbox 354 2044 558 2095; x_wconf 82' lang='lat' dir='ltr'><strong>refinguut</strong></span> <span class='ocrx_word' id='word_1_117' title='bbox 586 2056 632 2082; x_wconf 82' lang='lat' dir='ltr'><strong>ac</strong></span> <span class='ocrx_word' id='word_1_118' title='bbox 662 2042 899 2092; x_wconf 81' lang='lat' dir='ltr'><strong>reformant,</strong></span> <span class='ocrx_word' id='word_1_119' title='bbox 927 2048 972 2082; x_wconf 92' lang='lat' dir='ltr'><strong>ut</strong></span> <span class='ocrx_word' id='word_1_120' title='bbox 999 2054 1077 2083; x_wconf 88' lang='lat' dir='ltr'><strong>nec</strong></span> <span class='ocrx_word' id='word_1_121' title='bbox 1107 2053 1241 2081; x_wconf 89' lang='lat' dir='ltr'><strong>mores</strong></span> <span class='ocrx_word' id='word_1_122' title='bbox 1270 2045 1390 2079; x_wconf 75' lang='lat' dir='ltr'><strong>antea</strong></span> 
     </span>
    </p>

    <p class='ocr_par' dir='ltr' id='par_1_18' title="bbox 250 2106 1454 2162">
     <span class='ocr_line' id='line_1_27' title="bbox 250 2106 1454 2162; baseline -0.003 -11"><span class='ocrx_word' id='word_1_123' title='bbox 250 2113 330 2152; x_wconf 78' lang='lat' dir='ltr'><strong>iam</strong></span> <span class='ocrx_word' id='word_1_124' title='bbox 359 2116 555 2161; x_wconf 85' lang='lat' dir='ltr'><strong>tutentur,</strong></span> <span class='ocrx_word' id='word_1_125' title='bbox 587 2125 662 2152; x_wconf 89' lang='lat' dir='ltr'><strong>uec</strong></span> <span class='ocrx_word' id='word_1_126' title='bbox 692 2113 743 2151; x_wconf 86' lang='lat' dir='ltr'><strong>sit</strong></span> <span class='ocrx_word' id='word_1_127' title='bbox 771 2113 879 2152; x_wconf 90' lang='lat' dir='ltr'><strong>idem</strong></span> <span class='ocrx_word' id='word_1_128' title='bbox 908 2112 1044 2152; x_wconf 88' lang='lat' dir='ltr'><strong>vultus</strong></span> <span class='ocrx_word' id='word_1_129' title='bbox 1074 2110 1142 2162; x_wconf 86' lang='lat' dir='ltr'><strong>qui</strong></span> <span class='ocrx_word' id='word_1_130' title='bbox 1175 2109 1333 2161; x_wconf 83' lang='lat' dir='ltr'><strong>pridem</strong></span> <span class='ocrx_word' id='word_1_131' title='bbox 1361 2106 1454 2147; x_wconf 78' lang='lat' dir='ltr'><strong>fuit.</strong></span> 
     </span>
    </p>

    <p class='ocr_par' dir='ltr' id='par_1_19' title="bbox 248 2176 1656 2510">
     <span class='ocr_line' id='line_1_28' title="bbox 251 2176 1656 2234; baseline -0.004 -13"><span class='ocrx_word' id='word_1_132' title='bbox 251 2182 286 2222; x_wconf 80' lang='lat' dir='ltr'><strong>si</strong></span> <span class='ocrx_word' id='word_1_133' title='bbox 316 2182 460 2234; x_wconf 81' lang='lat' dir='ltr'><strong>pusilla</strong></span> <span class='ocrx_word' id='word_1_134' title='bbox 491 2187 553 2220; x_wconf 87' lang='lat' dir='ltr'><strong>est</strong></span> <span class='ocrx_word' id='word_1_135' title='bbox 581 2182 726 2233; x_wconf 83' lang='lat' dir='ltr'><strong>aliqua,</strong></span> <span class='ocrx_word' id='word_1_136' title='bbox 757 2183 880 2221; x_wconf 84' lang='lat' dir='ltr'><strong>suber</strong></span> <span class='ocrx_word' id='word_1_137' title='bbox 908 2181 1069 2221; x_wconf 75' lang='lat' dir='ltr'><strong>additur</strong></span> <span class='ocrx_word' id='word_1_138' title='bbox 1098 2177 1343 2230; x_wconf 84' lang='lat' dir='ltr'><strong>sculponeis.</strong></span> <span class='ocrx_word' id='word_1_139' title='bbox 1653 2176 1656 2205; x_wconf 61' lang='grc' dir='ltr'><em>ἕ</em></span> 
     </span>
     <span class='ocr_line' id='line_1_29' title="bbox 253 2244 1525 2304; baseline -0.006 -14"><span class='ocrx_word' id='word_1_140' title='bbox 253 2251 373 2303; x_wconf 78' lang='lat' dir='ltr'><strong>longa</strong></span> <span class='ocrx_word' id='word_1_141' title='bbox 404 2255 464 2291; x_wconf 84' lang='lat' dir='ltr'><strong>est</strong></span> <span class='ocrx_word' id='word_1_142' title='bbox 491 2251 598 2292; x_wconf 74' lang='lat' dir='ltr'><strong>alia?</strong></span> <span class='ocrx_word' id='word_1_143' title='bbox 628 2252 807 2304; x_wconf 79' lang='lat' dir='ltr'><strong>plantam</strong></span> <span class='ocrx_word' id='word_1_144' title='bbox 836 2251 948 2290; x_wconf 91' lang='lat' dir='ltr'><strong>tenui</strong></span> <span class='ocrx_word' id='word_1_145' title='bbox 976 2250 1122 2289; x_wconf 86' lang='lat' dir='ltr'><strong>leviter</strong></span> <span class='ocrx_word' id='word_1_146' title='bbox 1149 2247 1271 2287; x_wconf 86' lang='lat' dir='ltr'><strong>vestit</strong></span> <span class='ocrx_word' id='word_1_147' title='bbox 1301 2244 1525 2292; x_wconf 82' lang='lat' dir='ltr'><strong>diabathro‚</strong></span> 
     </span>
     <span class='ocr_line' id='line_1_30' title="bbox 248 2315 1496 2372; baseline -0.006 -12"><span class='ocrx_word' id='word_1_148' title='bbox 248 2326 295 2360; x_wconf 86' lang='lat' dir='ltr'><strong>-et</strong></span> <span class='ocrx_word' id='word_1_149' title='bbox 324 2322 457 2372; x_wconf 79' lang='lat' dir='ltr'><strong>capite</strong></span> <span class='ocrx_word' id='word_1_150' title='bbox 486 2322 526 2361; x_wconf 91' lang='lat' dir='ltr'><strong>in</strong></span> <span class='ocrx_word' id='word_1_151' title='bbox 556 2322 749 2361; x_wconf 82' lang='lat' dir='ltr'><strong>humeros</strong></span> <span class='ocrx_word' id='word_1_152' title='bbox 780 2321 932 2360; x_wconf 89' lang='lat' dir='ltr'><strong>reiecto</strong></span> <span class='ocrx_word' id='word_1_153' title='bbox 959 2319 1161 2371; x_wconf 77' lang='lat' dir='ltr'><strong>publicam</strong></span> <span class='ocrx_word' id='word_1_154' title='bbox 1189 2316 1342 2356; x_wconf 85' lang='lat' dir='ltr'><strong>incedit</strong></span> <span class='ocrx_word' id='word_1_155' title='bbox 1371 2315 1496 2354; x_wconf 84' lang='lat' dir='ltr'><strong>viam:</strong></span> 
     </span>
     <span class='ocr_line' id='line_1_31' title="bbox 256 2387 1345 2443; baseline -0.004 -15"><span class='ocrx_word' id='word_1_156' title='bbox 256 2393 410 2430; x_wconf 80' lang='lat' dir='ltr'><strong>tantum</strong></span> <span class='ocrx_word' id='word_1_157' title='bbox 437 2391 519 2430; x_wconf 81' lang='lat' dir='ltr'><strong>abit</strong></span> <span class='ocrx_word' id='word_1_158' title='bbox 549 2390 794 2443; x_wconf 83' lang='lat' dir='ltr'><strong>proceritati.</strong></span> <span class='ocrx_word' id='word_1_159' title='bbox 853 2391 887 2430; x_wconf 89' lang='lat' dir='ltr'><strong>si</strong></span> <span class='ocrx_word' id='word_1_160' title='bbox 914 2389 1083 2440; x_wconf 84' lang='lat' dir='ltr'><strong>depygis</strong></span> <span class='ocrx_word' id='word_1_161' title='bbox 1113 2387 1240 2426; x_wconf 83' lang='lat' dir='ltr'><strong>altera</strong></span> <span class='ocrx_word' id='word_1_162' title='bbox 1271 2387 1345 2433; x_wconf 83' lang='lat' dir='ltr'><strong>est,</strong></span> 
     </span>
     <span class='ocr_line' id='line_1_32' title="bbox 256 2455 1448 2510; baseline -0.005 -13"><span class='ocrx_word' id='word_1_163' title='bbox 256 2457 522 2498; x_wconf 81' lang='lat' dir='ltr'><strong>fulmentatur</strong></span> <span class='ocrx_word' id='word_1_164' title='bbox 551 2460 806 2507; x_wconf 74' lang='lat' dir='ltr'><strong>assumentis,</strong></span> <span class='ocrx_word' id='word_1_165' title='bbox 836 2465 880 2499; x_wconf 90' lang='lat' dir='ltr'><strong>ut</strong></span> <span class='ocrx_word' id='word_1_166' title='bbox 910 2459 978 2510; x_wconf 91' lang='lat' dir='ltr'><strong>qui</strong></span> <span class='ocrx_word' id='word_1_167' title='bbox 1008 2462 1170 2498; x_wconf 88' lang='lat' dir='ltr'><strong>euntem</strong></span> <span class='ocrx_word' id='word_1_168' title='bbox 1202 2455 1448 2506; x_wconf 83' lang='lat' dir='ltr'><strong>conspicant,</strong></span> 
     </span>
    </p>
   </div>
   <div class='ocr_carea' id='block_1_15' title="bbox 259 2594 1426 2721">
    <p class='ocr_par' dir='ltr' id='par_1_20' title="bbox 259 2594 1426 2721">
     <span class='ocr_line' id='line_1_33' title="bbox 259 2594 1204 2651; baseline -0.005 -14"><span class='ocrx_word' id='word_1_169' title='bbox 259 2596 408 2647; x_wconf 75' lang='lat' dir='ltr'><strong>fasciis,</strong></span> <span class='ocrx_word' id='word_1_170' title='bbox 439 2599 578 2638; x_wconf 87' lang='lat' dir='ltr'><strong>videre</strong></span> <span class='ocrx_word' id='word_1_171' title='bbox 607 2598 746 2651; x_wconf 80' lang='lat' dir='ltr'><strong>quales</strong></span> <span class='ocrx_word' id='word_1_172' title='bbox 774 2598 816 2637; x_wconf 89' lang='lat' dir='ltr'><strong>in</strong></span> <span class='ocrx_word' id='word_1_173' title='bbox 842 2595 1065 2639; x_wconf 75' lang='lat' dir='ltr'><strong>comoediis</strong></span> <span class='ocrx_word' id='word_1_174' title='bbox 1095 2594 1204 2641; x_wconf 83' lang='lat' dir='ltr'><strong>licet,</strong></span> 
     </span>
     <span class='ocr_line' id='line_1_34' title="bbox 259 2662 1426 2721; baseline -0.007 -13"><span class='ocrx_word' id='word_1_175' title='bbox 259 2668 476 2710; x_wconf 67' lang='lat' dir='ltr'><strong>arrectaria</strong></span> <span class='ocrx_word' id='word_1_176' title='bbox 502 2667 667 2721; x_wconf 81' lang='lat' dir='ltr'><strong>insuper</strong></span> <span class='ocrx_word' id='word_1_177' title='bbox 696 2667 863 2716; x_wconf 77' lang='lat' dir='ltr'><strong>addunt.</strong></span> <span class='ocrx_word' id='word_1_178' title='bbox 891 2670 936 2707; x_wconf 85' lang='lat' dir='ltr'><strong>et</strong></span> <span class='ocrx_word' id='word_1_179' title='bbox 963 2666 1023 2707; x_wconf 82' lang='lat' dir='ltr'><strong>sic</strong></span> <span class='ocrx_word' id='word_1_180' title='bbox 1053 2664 1161 2719; x_wconf 88' lang='lat' dir='ltr'><strong>quod</strong></span> <span class='ocrx_word' id='word_1_181' title='bbox 1190 2662 1426 2716; x_wconf 79' lang='lat' dir='ltr'><strong>protuberat</strong></span> 
     </span>
    </p>
   </div>
   <div class='ocr_carea' id='block_1_16' title="bbox 1630 2321 1656 3146">
    <p class='ocr_par' dir='ltr' id='par_1_21' title="bbox 1630 2321 1656 3146">
     <span class='ocr_line' id='line_1_35' title="bbox 1630 2321 1656 3146; baseline 0 0"><span class='ocrx_word' id='word_1_182' title='bbox 1630 2321 1656 3146; x_wconf 95' lang='lat' dir='ltr'><strong> </strong></span> 
     </span>
    </p>
   </div>
  </div>
 </body>
</html>
