1702 3158
435 634 484 695 S
528 633 582 694 Ο
619 632 675 690 Τ
713 635 773 693 Α
808 633 868 690 D
909 635 967 693 E
1013 634 1080 694 S.

534 741 666 792 (nist.
698 741 789 782 crit.
820 755 859 795 p.
892 741 1000 793 426)

365 983 1174 1029 ΕΓΚΛΕΙΟΜΕΝΑΙ.

754 1111 788 1153 I.

199 1196 404 1255 Καρῖδας
431 1195 593 1253 ἔλαβον
621 1198 807 1257 πρῶτον,
837 1193 1143 1253 ἀπεταγήνισα

199 1281 365 1334 ταύτας
392 1281 582 1335 ἁπάσας.
642 1283 797 1340 γαλεὸς
826 1283 1032 1336 εἴληπται
1059 1284 1211 1340 μέγας,

198 1364 386 1420 α’ίπτησα
414 1368 470 1411 τά
498 1370 628 1425 μέσα,
659 1369 740 1423 τὴν
768 1370 817 1412 δὲ
845 1367 1007 1421 λοιπὴν
1033 1370 1227 1427 γρυμέαν

197 1451 294 1509 ἕψω
322 1453 512 1508 ποιήσας
539 1458 708 1513 τρῖμμα
738 1454 1042 1512 συκαμίνινον.

143 1539 172 1581 5
199 1536 391 1594 γλαύκου
420 1542 539 1600 φέρω
567 1539 788 1599 κεφάλαια
818 1541 1097 1598 παμμεγέθη
1128 1535 1225 1594 δύο,

124 1609 134 1618 .
207 1628 254 1671 ἐν
283 1625 445 1670 λοπάδι
473 1625 641 1687 μεγάλῃ
671 1627 826 1682 ταῦτα,
857 1626 985 1677 λιτῶς
1014 1622 1310 1685 προσαγαγών

199 1711 334 1773 χλόην
361 1711 544 1770 κύμινον
573 1709 684 1765 ἅλας
713 1707 831 1770 ὕδωρ
861 1710 1050 1756 έλάδιον.

201 1797 403 1856 λάβρακα
430 1794 540 1856 μετὰ
570 1798 698 1843 ταῦτ’
730 1796 950 1858 ἐπριάμην
979 1796 1115 1842 καλὸν
1145 1795 1339 1855 σφόδρα,

200 1882 327 1928 ἔσται
355 1884 419 1927 δι’
450 1880 594 1942 ἅλμης
622 1883 810 1942 λιπαρὸς
839 1883 986 1942 ἑφθὸς
1016 1884 1062 1927 ἐν
1086 1881 1211 1943 χλόῃ.

45 1983 48 1985 ’
120 1971 176 2013 10
203 1966 398 2022 ἀποδούς
426 1967 500 2016 ὅσ’
533 1972 653 2016 ἐστὶν
682 1969 765 2015 ἀπ’
796 1968 1038 2026 ὀβελίσκων
1065 1967 1252 2024 ὀπτανά,

200 2054 378 2112 τρίγλας
407 2057 544 2109 καλὰς
574 2055 776 2115 ἠγόρασα
807 2058 882 2099 καὶ
912 2055 1061 2114 κίχλας
1090 2052 1239 2108 καλάς,

205 2138 365 2199 ἔρριψα
396 2141 560 2194 ταύτας
588 2143 660 2186 ἐπὶ
690 2141 768 2186 τὸν
798 2138 998 2198 ἄνθραχ’
1030 2139 1088 2192 ώς
1118 2141 1216 2199 ἔχει,

207 2221 323 2287 ἅλμῃ
351 2244 397 2271 τε
425 2229 593 2287 λιπαρᾷ
622 2226 913 2285 παρατίθημ’
947 2225 1173 2286 ὀρίγανον.

208 2310 388 2364 ταύταις
417 2314 696 2372 προσέλαβον
723 2312 888 2367 σηπίας
917 2314 992 2356 καὶ
1022 2313 1261 2364 τευθίδας·

126 2398 181 2440 15
209 2395 384 2441 ἀστεῖον
413 2397 536 2459 ἑφθὴ
567 2399 722 2449 τευθὶς
750 2399 1068 2454 ὠνθυλευμένη

208 2485 282 2527 καὶ
312 2483 515 2543 πτερύγι’
543 2483 722 2537 ἁπαλῶς
752 2483 918 2539 σηπίας
947 2483 1200 2539 ὠπτημένα.

210 2569 472 2626 τριμμάτιον
501 2569 695 2631 ᾠκείωσα
727 2569 898 2620 τούτοις
929 2566 1124 2612 ἀνθινόν

216 2654 514 2701 παντοδαπόν.
572 2655 740 2715 ἑψητὸν
770 2657 816 2701 δὲ
846 2654 956 2713 μετὰ
988 2652 1151 2705 ταύτας
1182 2652 1298 2708 τινά,

169 2747 171 2749 ’
215 2735 476 2801 ὀξυλίπαρον
509 2740 679 2798 τούτοις
707 2742 849 2787 ἔδωκα
877 2739 1047 2802 χυμίον.
