<?xml version="1.0" encoding="UTF-8"?>
<!DOCTYPE html PUBLIC "-//W3C//DTD XHTML 1.0 Transitional//EN"
    "http://www.w3.org/TR/xhtml1/DTD/xhtml1-transitional.dtd">
<html xmlns="http://www.w3.org/1999/xhtml" xml:lang="en" lang="en">
 <head>
  <title>
</title>
<meta http-equiv="Content-Type" content="text/html;charset=utf-8" />
  <meta name='ocr-system' content='tesseract 3.04.00' />
  <meta name='ocr-capabilities' content='ocr_page ocr_carea ocr_par ocr_line ocrx_word'/>
</head>
<body>
  <div class='ocr_page' id='page_1' title='image "./fragmentacomicor03meinuoft_0445.png"; bbox 0 0 1702 3158; ppageno 0'>
   <div class='ocr_carea' id='block_1_1' title="bbox 648 141 1509 190">
    <p class='ocr_par' dir='ltr' id='par_1_1' title="bbox 648 141 1509 190">
     <span class='ocr_line' id='line_1_1' title="bbox 648 141 1509 190; baseline -0.007 0"><span class='ocrx_word' id='word_1_1' title='bbox 648 141 884 190; x_wconf 78' lang='grc' dir='ltr'><em>ΛΕΒΗΣ.</em></span> <span class='ocrx_word' id='word_1_2' title='bbox 1426 143 1509 184; x_wconf 75' lang='grc'><em>437</em></span> 
     </span>
    </p>
   </div>
   <div class='ocr_carea' id='block_1_2' title="bbox 30 288 1513 1714">
    <p class='ocr_par' dir='ltr' id='par_1_2' title="bbox 192 288 1410 1120">
     <span class='ocr_line' id='line_1_2' title="bbox 490 288 1049 343; baseline -0.011 -6"><span class='ocrx_word' id='word_1_3' title='bbox 490 294 538 337; x_wconf 93' lang='grc' dir='ltr'><em>Λ</em></span> <span class='ocrx_word' id='word_1_4' title='bbox 589 294 632 336; x_wconf 83' lang='grc' dir='ltr'><strong><em>Ε</em></strong></span> <span class='ocrx_word' id='word_1_5' title='bbox 684 294 727 336; x_wconf 84' lang='grc' dir='ltr'><em>Β</em></span> <span class='ocrx_word' id='word_1_6' title='bbox 785 293 837 335; x_wconf 87' lang='lat' dir='ltr'><em>H</em></span> <span class='ocrx_word' id='word_1_7' title='bbox 894 288 948 332; x_wconf 84' lang='grc' dir='ltr'><em>Σ.</em></span> <span class='ocrx_word' id='word_1_8' title='bbox 1007 292 1049 343; x_wconf 78' lang='grc'><em>*)</em></span> 
     </span>
     <span class='ocr_line' id='line_1_3' title="bbox 746 387 779 427; baseline 0 0"><span class='ocrx_word' id='word_1_9' title='bbox 746 387 779 427; x_wconf 89' lang='lat' dir='ltr'><em>l.</em></span> 
     </span>
     <span class='ocr_line' id='line_1_4' title="bbox 905 460 1172 507; baseline -0.011 0"><span class='ocrx_word' id='word_1_10' title='bbox 905 464 1002 507; x_wconf 86' lang='grc' dir='ltr'><em>Καὶ</em></span> <span class='ocrx_word' id='word_1_11' title='bbox 1031 460 1074 504; x_wconf 88' lang='grc' dir='ltr'><strong><em>τί</em></strong></span> <span class='ocrx_word' id='word_1_12' title='bbox 1104 463 1172 504; x_wconf 85' lang='grc' dir='ltr'><em>δεῖ</em></span> 
     </span>
     <span class='ocr_line' id='line_1_5' title="bbox 251 631 1307 694; baseline -0.007 -13"><span class='ocrx_word' id='word_1_13' title='bbox 251 639 298 681; x_wconf 82' lang='grc' dir='ltr'><em>ἐν</em></span> <span class='ocrx_word' id='word_1_14' title='bbox 325 638 414 688; x_wconf 79' lang='grc' dir='ltr'><em>τοῖς</em></span> <span class='ocrx_word' id='word_1_15' title='bbox 442 635 635 694; x_wconf 82' lang='grc' dir='ltr'><em>συρίχοις</em></span> <span class='ocrx_word' id='word_1_16' title='bbox 662 635 914 687; x_wconf 74' lang='grc' dir='ltr'><em>πωλοῦταςς</em></span> <span class='ocrx_word' id='word_1_17' title='bbox 946 631 994 678; x_wconf 78' lang='grc' dir='ltr'><em>ο“ι“</em></span> <span class='ocrx_word' id='word_1_18' title='bbox 1016 631 1195 677; x_wconf 75' lang='grc' dir='ltr'><em>κάτωθε</em></span> <span class='ocrx_word' id='word_1_19' title='bbox 1225 633 1307 688; x_wconf 83' lang='grc' dir='ltr'><em>μέν</em></span> 
     </span>
     <span class='ocr_line' id='line_1_6' title="bbox 253 716 1244 779; baseline -0.004 -15"><span class='ocrx_word' id='word_1_20' title='bbox 253 721 308 765; x_wconf 84' lang='grc' dir='ltr'><em>τὰ</em></span> <span class='ocrx_word' id='word_1_21' title='bbox 336 721 501 779; x_wconf 85' lang='grc' dir='ltr'><em>σκληρὰ</em></span> <span class='ocrx_word' id='word_1_22' title='bbox 529 723 605 765; x_wconf 86' lang='grc' dir='ltr'><em>καὶ</em></span> <span class='ocrx_word' id='word_1_23' title='bbox 633 719 847 779; x_wconf 79' lang='grc' dir='ltr'><em>μοχθηρὰ</em></span> <span class='ocrx_word' id='word_1_24' title='bbox 878 720 968 763; x_wconf 80' lang='grc' dir='ltr'><em>τῶν</em></span> <span class='ocrx_word' id='word_1_25' title='bbox 998 716 1143 763; x_wconf 84' lang='grc' dir='ltr'><em>σύκων</em></span> <span class='ocrx_word' id='word_1_26' title='bbox 1171 716 1244 760; x_wconf 76' lang='grc' dir='ltr'><em>ἀεὶ</em></span> 
     </span>
     <span class='ocr_line' id='line_1_7' title="bbox 192 800 1252 859; baseline -0.007 -7"><span class='ocrx_word' id='word_1_27' title='bbox 192 811 221 853; x_wconf 84' lang='grc'><strong>5</strong></span> <span class='ocrx_word' id='word_1_28' title='bbox 250 807 472 859; x_wconf 77' lang='grc' dir='ltr'><strong><em>τιθέασιν,</em></strong></span> <span class='ocrx_word' id='word_1_29' title='bbox 497 806 708 859; x_wconf 81' lang='grc' dir='ltr'><strong><em>ἐπιπολῆς</em></strong></span> <span class='ocrx_word' id='word_1_30' title='bbox 738 806 785 848; x_wconf 80' lang='grc' dir='ltr'><em>δὲ</em></span> <span class='ocrx_word' id='word_1_31' title='bbox 814 807 987 848; x_wconf 84' lang='grc' dir='ltr'><em>πέπονα</em></span> <span class='ocrx_word' id='word_1_32' title='bbox 1017 805 1092 847; x_wconf 86' lang='grc' dir='ltr'><em>καὶ</em></span> <span class='ocrx_word' id='word_1_33' title='bbox 1122 800 1252 846; x_wconf 85' lang='grc' dir='ltr'><em>καλά.</em></span> 
     </span>
     <span class='ocr_line' id='line_1_8' title="bbox 248 884 1276 949; baseline -0.006 -13"><span class='ocrx_word' id='word_1_34' title='bbox 248 884 348 936; x_wconf 78' lang='grc' dir='ltr'><em>εἷθ’</em></span> <span class='ocrx_word' id='word_1_35' title='bbox 380 890 406 935; x_wconf 86' lang='grc' dir='ltr'><strong><em>ὁ</em></strong></span> <span class='ocrx_word' id='word_1_36' title='bbox 432 894 516 949; x_wconf 79' lang='grc' dir='ltr'><em>μὲν</em></span> <span class='ocrx_word' id='word_1_37' title='bbox 544 890 702 936; x_wconf 81' lang='grc' dir='ltr'><em>ἔδωκεν</em></span> <span class='ocrx_word' id='word_1_38' title='bbox 731 888 790 942; x_wconf 78' lang='grc' dir='ltr'><em>ὥς</em></span> <span class='ocrx_word' id='word_1_39' title='bbox 817 887 995 933; x_wconf 77' lang='grc' dir='ltr'><em>τοιαῦτ’</em></span> <span class='ocrx_word' id='word_1_40' title='bbox 1028 886 1276 945; x_wconf 73' lang='grc' dir='ltr'><em>ὠνούμενος</em></span> 
     </span>
     <span class='ocr_line' id='line_1_9' title="bbox 248 970 1410 1034; baseline -0.006 -14"><span class='ocrx_word' id='word_1_41' title='bbox 248 974 395 1034; x_wconf 81' lang='grc' dir='ltr'><em>τιμήν,</em></span> <span class='ocrx_word' id='word_1_42' title='bbox 426 975 451 1020; x_wconf 85' lang='grc' dir='ltr'>ὁ</span> <span class='ocrx_word' id='word_1_43' title='bbox 481 975 537 1020; x_wconf 76' lang='lat'><em>‹3&#39;</em></span> <span class='ocrx_word' id='word_1_44' title='bbox 568 974 767 1033; x_wconf 79' lang='grc' dir='ltr'><strong><em>ἐγκάψας</em></strong></span> <span class='ocrx_word' id='word_1_45' title='bbox 791 974 842 1019; x_wconf 88' lang='grc' dir='ltr'><em>τὸ</em></span> <span class='ocrx_word' id='word_1_46' title='bbox 872 971 996 1033; x_wconf 77' lang='grc' dir='ltr'><em>κέρμ’</em></span> <span class='ocrx_word' id='word_1_47' title='bbox 1029 971 1089 1025; x_wconf 78' lang='grc' dir='ltr'><em>εἰς</em></span> <span class='ocrx_word' id='word_1_48' title='bbox 1119 972 1199 1026; x_wconf 74' lang='grc' dir='ltr'><em>τὴν</em></span> <span class='ocrx_word' id='word_1_49' title='bbox 1230 970 1410 1029; x_wconf 75' lang='grc' dir='ltr'><em>γνάθον</em></span> 
     </span>
     <span class='ocr_line' id='line_1_10' title="bbox 250 1057 1136 1120; baseline -0.001 -16"><span class='ocrx_word' id='word_1_50' title='bbox 250 1060 361 1120; x_wconf 77' lang='grc' dir='ltr'><em>ἐρίν’</em></span> <span class='ocrx_word' id='word_1_51' title='bbox 390 1060 581 1106; x_wconf 77' lang='grc' dir='ltr'><em>ἀπέδοτο</em></span> <span class='ocrx_word' id='word_1_52' title='bbox 611 1061 724 1105; x_wconf 83' lang='grc' dir='ltr'><em>σῦκα</em></span> <span class='ocrx_word' id='word_1_53' title='bbox 755 1060 915 1104; x_wconf 81' lang='grc' dir='ltr'><em>πωλεῖν</em></span> <span class='ocrx_word' id='word_1_54' title='bbox 944 1057 1136 1115; x_wconf 84' lang='grc' dir='ltr'><em>ὀμνύων.</em></span> 
     </span>
    </p>

    <p class='ocr_par' dir='ltr' id='par_1_3' title="bbox 30 1161 1513 1714">
     <span class='ocr_line' id='line_1_11' title="bbox 142 1161 1510 1222; baseline -0.007 -13"><span class='ocrx_word' id='word_1_55' title='bbox 142 1168 381 1209; x_wconf 74' lang='lat' dir='ltr'>Athenaeus</span> <span class='ocrx_word' id='word_1_56' title='bbox 411 1167 473 1208; x_wconf 82' lang='lat'><em>111</em></span> <span class='ocrx_word' id='word_1_57' title='bbox 502 1181 543 1222; x_wconf 79' lang='lat' dir='ltr'><em>p.</em></span> <span class='ocrx_word' id='word_1_58' title='bbox 573 1168 685 1210; x_wconf 73' lang='lat'><strong>7611.</strong></span> <span class='ocrx_word' id='word_1_59' title='bbox 728 1167 781 1208; x_wconf 79' lang='lat' dir='ltr'><em>de</em></span> <span class='ocrx_word' id='word_1_60' title='bbox 809 1161 960 1221; x_wconf 79' lang='grc' dir='ltr'><em>ε’ρινῷ,</em></span> <span class='ocrx_word' id='word_1_61' title='bbox 1000 1166 1106 1206; x_wconf 82' lang='lat' dir='ltr'><strong>ficus</strong></span> <span class='ocrx_word' id='word_1_62' title='bbox 1138 1175 1296 1217; x_wconf 79' lang='lat' dir='ltr'><strong>genere</strong></span> <span class='ocrx_word' id='word_1_63' title='bbox 1325 1163 1510 1202; x_wconf 83' lang='lat' dir='ltr'>contem-</span> 
     </span>
     <span class='ocr_line' id='line_1_12' title="bbox 30 1230 1511 1292; baseline -0.005 -13"><span class='ocrx_word' id='word_1_64' title='bbox 30 1240 117 1292; x_wconf 75' lang='lat' dir='ltr'><em>pto,</em></span> <span class='ocrx_word' id='word_1_65' title='bbox 146 1238 377 1279; x_wconf 77' lang='lat' dir='ltr'>disserens:</span> <span class='ocrx_word' id='word_1_66' title='bbox 403 1237 478 1278; x_wconf 80' lang='grc' dir='ltr'><em>καὶ</em></span> <span class='ocrx_word' id='word_1_67' title='bbox 498 1234 677 1290; x_wconf 78' lang='grc' dir='ltr'><em>”Αλεξις</em></span> <span class='ocrx_word' id='word_1_68' title='bbox 705 1235 934 1289; x_wconf 78' lang='grc' dir='ltr'><em>ἐνΛὲβητι</em></span> <span class='ocrx_word' id='word_1_69' title='bbox 963 1234 1058 1275; x_wconf 86' lang='grc' dir='ltr'><em>Καὶ</em></span> <span class='ocrx_word' id='word_1_70' title='bbox 1089 1231 1132 1274; x_wconf 92' lang='grc' dir='ltr'><em>τί</em></span> <span class='ocrx_word' id='word_1_71' title='bbox 1163 1232 1235 1273; x_wconf 83' lang='grc' dir='ltr'><em>δεῖ</em></span> <span class='ocrx_word' id='word_1_72' title='bbox 1257 1230 1349 1273; x_wconf 84' lang='grc' dir='ltr'><em>κτλ.</em></span> <span class='ocrx_word' id='word_1_73' title='bbox 1393 1230 1511 1273; x_wconf 76' lang='lat' dir='ltr'><strong>Vs.3</strong></span> 
     </span>
     <span class='ocr_line' id='line_1_13' title="bbox 30 1303 1512 1364; baseline -0.005 -16"><span class='ocrx_word' id='word_1_74' title='bbox 30 1307 268 1350; x_wconf 77' lang='lat' dir='ltr'>Dindorfius</span> <span class='ocrx_word' id='word_1_75' title='bbox 295 1310 491 1362; x_wconf 77' lang='lat' dir='ltr'><strong>proponit</strong></span> <span class='ocrx_word' id='word_1_76' title='bbox 519 1304 694 1364; x_wconf 76' lang='grc' dir='ltr'><em>ὑρίχοις.</em></span> <span class='ocrx_word' id='word_1_77' title='bbox 765 1308 943 1352; x_wconf 77' lang='lat' dir='ltr'>Videtur</span> <span class='ocrx_word' id='word_1_78' title='bbox 981 1311 1158 1358; x_wconf 77' lang='lat' dir='ltr'><strong>utraque</strong></span> <span class='ocrx_word' id='word_1_79' title='bbox 1197 1304 1333 1345; x_wconf 77' lang='lat' dir='ltr'><strong>forma</strong></span> <span class='ocrx_word' id='word_1_80' title='bbox 1361 1303 1512 1343; x_wconf 76' lang='lat' dir='ltr'><strong>usitata</strong></span> 
     </span>
     <span class='ocr_line' id='line_1_14' title="bbox 30 1370 1512 1433; baseline -0.003 -16"><span class='ocrx_word' id='word_1_81' title='bbox 30 1376 174 1420; x_wconf 74' lang='lat' dir='ltr'>fuisse.</span> <span class='ocrx_word' id='word_1_82' title='bbox 232 1378 392 1419; x_wconf 77' lang='lat' dir='ltr'>Eodem</span> <span class='ocrx_word' id='word_1_83' title='bbox 434 1381 558 1422; x_wconf 87' lang='lat' dir='ltr'><strong>modo</strong></span> <span class='ocrx_word' id='word_1_84' title='bbox 599 1381 757 1422; x_wconf 73' lang='lat' dir='ltr'>variant</span> <span class='ocrx_word' id='word_1_85' title='bbox 796 1374 1000 1433; x_wconf 84' lang='grc' dir='ltr'><em>συρίσκος</em></span> <span class='ocrx_word' id='word_1_86' title='bbox 1040 1382 1084 1417; x_wconf 82' lang='lat' dir='ltr'><em>et</em></span> <span class='ocrx_word' id='word_1_87' title='bbox 1121 1370 1311 1430; x_wconf 81' lang='grc' dir='ltr'><em>ὑρίσκος.</em></span> <span class='ocrx_word' id='word_1_88' title='bbox 1373 1374 1512 1425; x_wconf 78' lang='lat' dir='ltr'>Hesy-</span> 
     </span>
     <span class='ocr_line' id='line_1_15' title="bbox 31 1437 1510 1502; baseline -0.005 -13"><span class='ocrx_word' id='word_1_89' title='bbox 31 1447 163 1498; x_wconf 75' lang='lat' dir='ltr'>chius,</span> <span class='ocrx_word' id='word_1_90' title='bbox 204 1445 446 1502; x_wconf 73' lang='grc' dir='ltr'><em>Συρίσκοςε</em></span> <span class='ocrx_word' id='word_1_91' title='bbox 493 1445 669 1502; x_wconf 81' lang='grc' dir='ltr'><em>ἀγγεῖόν</em></span> <span class='ocrx_word' id='word_1_92' title='bbox 705 1463 748 1489; x_wconf 91' lang='grc' dir='ltr'><em>τι</em></span> <span class='ocrx_word' id='word_1_93' title='bbox 789 1443 986 1498; x_wconf 83' lang='grc' dir='ltr'><em>πλεκτόν,</em></span> <span class='ocrx_word' id='word_1_94' title='bbox 1024 1441 1085 1494; x_wconf 83' lang='grc' dir='ltr'><em>εἰς</em></span> <span class='ocrx_word' id='word_1_95' title='bbox 1122 1441 1150 1486; x_wconf 79' lang='grc' dir='ltr'><em>ὂ</em></span> <span class='ocrx_word' id='word_1_96' title='bbox 1193 1444 1306 1486; x_wconf 84' lang='grc' dir='ltr'><em>σῦκα</em></span> <span class='ocrx_word' id='word_1_97' title='bbox 1344 1437 1510 1498; x_wconf 79' lang='grc' dir='ltr'><em>ἐμβάλ-</em></span> 
     </span>
     <span class='ocr_line' id='line_1_16' title="bbox 30 1513 1512 1573; baseline -0.003 -16"><span class='ocrx_word' id='word_1_98' title='bbox 30 1515 180 1558; x_wconf 87' lang='grc' dir='ltr'><em>λουσι·</em></span> <span class='ocrx_word' id='word_1_99' title='bbox 219 1519 330 1566; x_wconf 76' lang='grc' dir='ltr'><em>τινὲς</em></span> <span class='ocrx_word' id='word_1_100' title='bbox 367 1516 413 1560; x_wconf 78' lang='grc' dir='ltr'><em>δὲ</em></span> <span class='ocrx_word' id='word_1_101' title='bbox 443 1514 634 1573; x_wconf 83' lang='grc' dir='ltr'><em>ὑρίσκον.</em></span> <span class='ocrx_word' id='word_1_102' title='bbox 695 1522 853 1562; x_wconf 74' lang='lat' dir='ltr'><strong>{bidem</strong></span> <span class='ocrx_word' id='word_1_103' title='bbox 885 1521 952 1561; x_wconf 87' lang='lat' dir='ltr'><em>BP</em></span> <span class='ocrx_word' id='word_1_104' title='bbox 987 1513 1206 1560; x_wconf 80' lang='grc' dir='ltr'><em>κάτωθεν.</em></span> <span class='ocrx_word' id='word_1_105' title='bbox 1268 1542 1323 1550; x_wconf 63' lang='grc'><em>»-</em></span> <span class='ocrx_word' id='word_1_106' title='bbox 1381 1516 1454 1557; x_wconf 84' lang='lat' dir='ltr'><em>Vs.</em></span> <span class='ocrx_word' id='word_1_107' title='bbox 1484 1514 1512 1554; x_wconf 77' lang='lat'><strong>4</strong></span> 
     </span>
     <span class='ocr_line' id='line_1_17' title="bbox 31 1580 1513 1643; baseline 0.001 -13"><span class='ocrx_word' id='word_1_108' title='bbox 31 1594 126 1631; x_wconf 76' lang='lat' dir='ltr'>ante</span> <span class='ocrx_word' id='word_1_109' title='bbox 152 1584 366 1643; x_wconf 78' lang='grc' dir='ltr'><em>μοχθηρά</em></span> <span class='ocrx_word' id='word_1_110' title='bbox 397 1590 617 1632; x_wconf 78' lang='lat' dir='ltr'><strong>articulum</strong></span> <span class='ocrx_word' id='word_1_111' title='bbox 648 1587 703 1630; x_wconf 82' lang='grc' dir='ltr'><em>τὰ</em></span> <span class='ocrx_word' id='word_1_112' title='bbox 732 1592 889 1632; x_wconf 85' lang='lat' dir='ltr'><strong>addunt</strong></span> <span class='ocrx_word' id='word_1_113' title='bbox 920 1591 1041 1632; x_wconf 86' lang='lat' dir='ltr'><strong>ABP.</strong></span> <span class='ocrx_word' id='word_1_114' title='bbox 1072 1614 1128 1622; x_wconf 91' lang='lat'><em>-</em></span> <span class='ocrx_word' id='word_1_115' title='bbox 1159 1590 1231 1631; x_wconf 80' lang='lat' dir='ltr'><em>Vs.</em></span> <span class='ocrx_word' id='word_1_116' title='bbox 1256 1590 1283 1628; x_wconf 77' lang='lat'><strong>7</strong></span> <span class='ocrx_word' id='word_1_117' title='bbox 1314 1580 1513 1639; x_wconf 78' lang='grc' dir='ltr'><em>ἐγκάψας</em></span> 
     </span>
     <span class='ocr_line' id='line_1_18' title="bbox 30 1653 1511 1714; baseline -0.001 -15"><span class='ocrx_word' id='word_1_118' title='bbox 30 1655 82 1700; x_wconf 83' lang='grc' dir='ltr'><em>τὸ</em></span> <span class='ocrx_word' id='word_1_119' title='bbox 121 1655 248 1714; x_wconf 75' lang='grc' dir='ltr'><em>κέρμ’</em></span> <span class='ocrx_word' id='word_1_120' title='bbox 280 1653 340 1708; x_wconf 83' lang='grc' dir='ltr'><em>εἰς</em></span> <span class='ocrx_word' id='word_1_121' title='bbox 376 1657 456 1710; x_wconf 82' lang='grc' dir='ltr'><em>τὴν</em></span> <span class='ocrx_word' id='word_1_122' title='bbox 496 1657 687 1714; x_wconf 73' lang='grc' dir='ltr'><em>γνάθον.</em></span> <span class='ocrx_word' id='word_1_123' title='bbox 754 1663 838 1702; x_wconf 79' lang='lat' dir='ltr'><em>Pro</em></span> <span class='ocrx_word' id='word_1_124' title='bbox 878 1655 1056 1713; x_wconf 75' lang='grc' dir='ltr'><em>γνάθον</em></span> <span class='ocrx_word' id='word_1_125' title='bbox 1098 1662 1202 1700; x_wconf 84' lang='lat' dir='ltr'><strong>mira</strong></span> <span class='ocrx_word' id='word_1_126' title='bbox 1240 1659 1439 1699; x_wconf 81' lang='lat' dir='ltr'><strong>varietate</strong></span> <span class='ocrx_word' id='word_1_127' title='bbox 1478 1658 1511 1697; x_wconf 90' lang='grc' dir='ltr'>Β</span> 
     </span>
    </p>
   </div>
   <div class='ocr_carea' id='block_1_3' title="bbox 33 1726 1514 1858">
    <p class='ocr_par' dir='ltr' id='par_1_4' title="bbox 33 1726 1514 1858">
     <span class='ocr_line' id='line_1_19' title="bbox 34 1726 1514 1785; baseline -0.002 -16"><span class='ocrx_word' id='word_1_128' title='bbox 34 1726 203 1779; x_wconf 78' lang='grc' dir='ltr'><em>πὴθον.</em></span> <span class='ocrx_word' id='word_1_129' title='bbox 269 1731 332 1772; x_wconf 82' lang='lat' dir='ltr'><em>De</em></span> <span class='ocrx_word' id='word_1_130' title='bbox 362 1745 476 1773; x_wconf 85' lang='lat' dir='ltr'><strong>more</strong></span> <span class='ocrx_word' id='word_1_131' title='bbox 505 1733 721 1785; x_wconf 79' lang='lat' dir='ltr'><strong>pecuniam</strong></span> <span class='ocrx_word' id='word_1_132' title='bbox 748 1732 789 1771; x_wconf 89' lang='lat' dir='ltr'><em>in</em></span> <span class='ocrx_word' id='word_1_133' title='bbox 823 1744 896 1772; x_wconf 86' lang='lat' dir='ltr'><em>ore</em></span> <span class='ocrx_word' id='word_1_134' title='bbox 928 1732 1133 1772; x_wconf 81' lang='lat' dir='ltr'><strong>condendi</strong></span> <span class='ocrx_word' id='word_1_135' title='bbox 1163 1744 1199 1772; x_wconf 89' lang='lat' dir='ltr'><em>v.</em></span> <span class='ocrx_word' id='word_1_136' title='bbox 1235 1730 1287 1770; x_wconf 79' lang='lat' dir='ltr'><em>ad</em></span> <span class='ocrx_word' id='word_1_137' title='bbox 1317 1727 1514 1780; x_wconf 82' lang='lat' dir='ltr'>Hermip-</span> 
     </span>
     <span class='ocr_line' id='line_1_20' title="bbox 33 1796 1147 1858; baseline 0 -16"><span class='ocrx_word' id='word_1_138' title='bbox 33 1813 130 1856; x_wconf 73' lang='lat' dir='ltr'><em>pum</em></span> <span class='ocrx_word' id='word_1_139' title='bbox 159 1815 201 1856; x_wconf 79' lang='lat' dir='ltr'><em>p.</em></span> <span class='ocrx_word' id='word_1_140' title='bbox 231 1802 329 1844; x_wconf 75' lang='lat'><strong>39⁰.</strong></span> <span class='ocrx_word' id='word_1_141' title='bbox 360 1829 413 1836; x_wconf 89' lang='lat'><em>-</em></span> <span class='ocrx_word' id='word_1_142' title='bbox 445 1803 516 1845; x_wconf 81' lang='lat' dir='ltr'><em>Vs.</em></span> <span class='ocrx_word' id='word_1_143' title='bbox 546 1805 574 1843; x_wconf 92' lang='grc'>8</span> <span class='ocrx_word' id='word_1_144' title='bbox 602 1796 712 1858; x_wconf 78' lang='grc' dir='ltr'><em>ἐρίν’</em></span> <span class='ocrx_word' id='word_1_145' title='bbox 742 1802 790 1842; x_wconf 93' lang='grc' dir='ltr'><em>Β.</em></span> <span class='ocrx_word' id='word_1_146' title='bbox 851 1802 986 1856; x_wconf 79' lang='lat' dir='ltr'>Vulgo</span> <span class='ocrx_word' id='word_1_147' title='bbox 1016 1798 1108 1856; x_wconf 81' lang='grc' dir='ltr'><em>ἔριν</em></span> <span class='ocrx_word' id='word_1_148' title='bbox 1125 1798 1147 1842; x_wconf 90' lang='lat'><em>’.</em></span> 
     </span>
    </p>
   </div>
   <div class='ocr_carea' id='block_1_4' title="bbox 98 1915 1399 2567">
    <p class='ocr_par' dir='ltr' id='par_1_5' title="bbox 748 1915 799 1957">
     <span class='ocr_line' id='line_1_21' title="bbox 748 1915 799 1957; baseline 0.039 -2"><span class='ocrx_word' id='word_1_149' title='bbox 748 1915 799 1957; x_wconf 86' lang='lat'><em>11.</em></span> 
     </span>
    </p>

    <p class='ocr_par' dir='ltr' id='par_1_6' title="bbox 148 1998 1399 2060">
     <span class='ocr_line' id='line_1_22' title="bbox 148 1998 1399 2060; baseline 0 -17"><span class='ocrx_word' id='word_1_150' title='bbox 148 2002 239 2043; x_wconf 81' lang='grc' dir='ltr'><em>Καὶ</em></span> <span class='ocrx_word' id='word_1_151' title='bbox 270 2000 332 2057; x_wconf 81' lang='grc' dir='ltr'><em>μὴ</em></span> <span class='ocrx_word' id='word_1_152' title='bbox 364 1999 610 2060; x_wconf 70' lang='grc' dir='ltr'><em>προφάσεις</em></span> <span class='ocrx_word' id='word_1_153' title='bbox 637 1999 842 2045; x_wconf 78' lang='grc' dir='ltr'><em>ἐνταῦθά</em></span> <span class='ocrx_word' id='word_1_154' title='bbox 871 2017 963 2058; x_wconf 87' lang='grc' dir='ltr'><em>μοι,</em></span> <span class='ocrx_word' id='word_1_155' title='bbox 992 2000 1105 2057; x_wconf 81' lang='grc' dir='ltr'><strong><em>μηδ’</em></strong></span> <span class='ocrx_word' id='word_1_156' title='bbox 1137 1998 1245 2054; x_wconf 82' lang='grc' dir='ltr'><em>,,οὐκ</em></span> <span class='ocrx_word' id='word_1_157' title='bbox 1276 1998 1399 2056; x_wconf 82' lang='grc' dir='ltr'><em>ἔχω.”</em></span> 
     </span>
    </p>

    <p class='ocr_par' dir='ltr' id='par_1_7' title="bbox 149 2081 1387 2144">
     <span class='ocr_line' id='line_1_23' title="bbox 149 2081 1387 2144; baseline 0.002 -17"><span class='ocrx_word' id='word_1_158' title='bbox 149 2085 206 2130; x_wconf 89' lang='grc' dir='ltr'><em>Β.</em></span> <span class='ocrx_word' id='word_1_159' title='bbox 235 2084 347 2128; x_wconf 80' lang='grc' dir='ltr'><em>ἀλλὰ</em></span> <span class='ocrx_word' id='word_1_160' title='bbox 377 2086 472 2143; x_wconf 80' lang='grc' dir='ltr'><em>λέγ’</em></span> <span class='ocrx_word' id='word_1_161' title='bbox 503 2081 609 2130; x_wconf 81' lang='grc' dir='ltr'><em>ὅτου</em></span> <span class='ocrx_word' id='word_1_162' title='bbox 639 2087 717 2132; x_wconf 82' lang='grc' dir='ltr'><em>δεῖ.</em></span> <span class='ocrx_word' id='word_1_163' title='bbox 777 2085 982 2144; x_wconf 80' lang='grc' dir='ltr'><em>λήψομαι</em></span> <span class='ocrx_word' id='word_1_164' title='bbox 1012 2086 1095 2141; x_wconf 82' lang='grc' dir='ltr'><em>γὰρ</em></span> <span class='ocrx_word' id='word_1_165' title='bbox 1124 2083 1258 2129; x_wconf 78' lang='grc' dir='ltr'><em>πάντ’</em></span> <span class='ocrx_word' id='word_1_166' title='bbox 1291 2084 1387 2139; x_wconf 76' lang='grc' dir='ltr'><em>ἐγώ.</em></span> 
     </span>
    </p>

    <p class='ocr_par' dir='ltr' id='par_1_8' title="bbox 151 2168 1368 2229">
     <span class='ocr_line' id='line_1_24' title="bbox 151 2168 1368 2229; baseline 0.001 -17"><span class='ocrx_word' id='word_1_167' title='bbox 151 2170 208 2213; x_wconf 88' lang='lat' dir='ltr'><em>A.</em></span> <span class='ocrx_word' id='word_1_168' title='bbox 239 2168 401 2227; x_wconf 77' lang='grc' dir='ltr'><em>ὀρθῶς.</em></span> <span class='ocrx_word' id='word_1_169' title='bbox 462 2171 512 2214; x_wconf 87' lang='grc' dir='ltr'><em>τὸ</em></span> <span class='ocrx_word' id='word_1_170' title='bbox 538 2172 711 2229; x_wconf 78' lang='grc' dir='ltr'><em>πρῶτον</em></span> <span class='ocrx_word' id='word_1_171' title='bbox 739 2175 819 2229; x_wconf 77' lang='grc' dir='ltr'><em>μὲν</em></span> <span class='ocrx_word' id='word_1_172' title='bbox 849 2169 955 2226; x_wconf 81' lang='grc' dir='ltr'><em>λάβ’</em></span> <span class='ocrx_word' id='word_1_173' title='bbox 989 2170 1139 2213; x_wconf 76' lang='grc' dir='ltr'><em>ἐλθών</em></span> <span class='ocrx_word' id='word_1_174' title='bbox 1169 2168 1368 2224; x_wconf 78' lang='grc' dir='ltr'><em>σήσαμα.</em></span> 
     </span>
    </p>

    <p class='ocr_par' dir='ltr' id='par_1_9' title="bbox 98 2253 1358 2397">
     <span class='ocr_line' id='line_1_25' title="bbox 150 2253 1358 2313; baseline -0.002 -16"><span class='ocrx_word' id='word_1_175' title='bbox 150 2255 208 2299; x_wconf 86' lang='grc' dir='ltr'><em>Β.</em></span> <span class='ocrx_word' id='word_1_176' title='bbox 237 2253 341 2298; x_wconf 77' lang='grc' dir='ltr'><em>ἀλλ’</em></span> <span class='ocrx_word' id='word_1_177' title='bbox 373 2254 493 2300; x_wconf 84' lang='grc' dir='ltr'><em>ἔστιν</em></span> <span class='ocrx_word' id='word_1_178' title='bbox 521 2255 662 2300; x_wconf 78' lang='grc' dir='ltr'><em>ἔνδον.</em></span> <span class='ocrx_word' id='word_1_179' title='bbox 723 2259 780 2300; x_wconf 88' lang='grc' dir='ltr'><em>Α.</em></span> <span class='ocrx_word' id='word_1_180' title='bbox 814 2255 1046 2313; x_wconf 58' lang='grc' dir='ltr'><em>ἀσταφίδα</em></span> <span class='ocrx_word' id='word_1_181' title='bbox 1075 2256 1358 2310; x_wconf 76' lang='grc' dir='ltr'><em>κεκομμένην,</em></span> 
     </span>
     <span class='ocr_line' id='line_1_26' title="bbox 98 2337 1219 2397; baseline -0.004 -11"><span class='ocrx_word' id='word_1_182' title='bbox 98 2344 126 2386; x_wconf 84' lang='grc'><strong>5</strong></span> <span class='ocrx_word' id='word_1_183' title='bbox 151 2337 404 2397; x_wconf 75' lang='grc' dir='ltr'><em>μάραθρον,</em></span> <span class='ocrx_word' id='word_1_184' title='bbox 434 2339 627 2396; x_wconf 79' lang='grc' dir='ltr'><em>ἄνηθον,</em></span> <span class='ocrx_word' id='word_1_185' title='bbox 658 2342 788 2394; x_wconf 80' lang='grc' dir='ltr'><em>νᾶπυ,</em></span> <span class='ocrx_word' id='word_1_186' title='bbox 818 2339 995 2393; x_wconf 83' lang='grc' dir='ltr'><em>καυλόν,</em></span> <span class='ocrx_word' id='word_1_187' title='bbox 1026 2341 1219 2397; x_wconf 77' lang='grc' dir='ltr'><em>σίλᾳιον,</em></span> 
     </span>
    </p>

    <p class='ocr_par' dir='ltr' id='par_1_10' title="bbox 155 2417 1180 2486">
     <span class='ocr_line' id='line_1_27' title="bbox 155 2417 1180 2486; baseline 0.001 -19"><span class='ocrx_word' id='word_1_188' title='bbox 155 2424 384 2480; x_wconf 84' lang='grc' dir='ltr'><em>κορίαννον</em></span> <span class='ocrx_word' id='word_1_189' title='bbox 413 2417 536 2480; x_wconf 81' lang='grc' dir='ltr'><em>αὗον,</em></span> <span class='ocrx_word' id='word_1_190' title='bbox 565 2428 684 2486; x_wconf 80' lang='grc' dir='ltr'><em>ῥοῦν,</em></span> <span class='ocrx_word' id='word_1_191' title='bbox 713 2425 909 2483; x_wconf 86' lang='grc' dir='ltr'><em>κύμινον,</em></span> <span class='ocrx_word' id='word_1_192' title='bbox 940 2424 1180 2484; x_wconf 83' lang='grc' dir='ltr'><em>κάππαριν,</em></span> 
     </span>
    </p>

    <p class='ocr_par' dir='ltr' id='par_1_11' title="bbox 158 2506 988 2567">
     <span class='ocr_line' id='line_1_28' title="bbox 158 2506 988 2567; baseline 0.002 -16"><span class='ocrx_word' id='word_1_193' title='bbox 158 2506 374 2566; x_wconf 85' lang='grc' dir='ltr'><em>ὀρίγανον,</em></span> <span class='ocrx_word' id='word_1_194' title='bbox 402 2509 588 2566; x_wconf 80' lang='grc' dir='ltr'><em>γήτειον,</em></span> <span class='ocrx_word' id='word_1_195' title='bbox 618 2510 790 2566; x_wconf 81' lang='grc' dir='ltr'><em>ἄνισον,</em></span> <span class='ocrx_word' id='word_1_196' title='bbox 820 2510 988 2567; x_wconf 78' lang='grc' dir='ltr'><em>θύμον,</em></span> 
     </span>
    </p>
   </div>
   <div class='ocr_carea' id='block_1_5' title="bbox 161 2590 1204 2654">
    <p class='ocr_par' dir='ltr' id='par_1_12' title="bbox 161 2590 1204 2654">
     <span class='ocr_line' id='line_1_29' title="bbox 161 2590 1204 2654; baseline 0.004 -20"><span class='ocrx_word' id='word_1_197' title='bbox 161 2590 344 2648; x_wconf 75' lang='grc' dir='ltr'><em>σφάκον,</em></span> <span class='ocrx_word' id='word_1_198' title='bbox 373 2595 560 2654; x_wconf 83' lang='grc' dir='ltr'><em>σίραιον,</em></span> <span class='ocrx_word' id='word_1_199' title='bbox 589 2598 746 2649; x_wconf 84' lang='grc' dir='ltr'><em>σέσελι,</em></span> <span class='ocrx_word' id='word_1_200' title='bbox 775 2593 986 2652; x_wconf 77' lang='grc' dir='ltr'><em>πήγανον,</em></span> <span class='ocrx_word' id='word_1_201' title='bbox 1017 2594 1204 2652; x_wconf 72' lang='grc' dir='ltr'><em>πρίσον.</em></span> 
     </span>
    </p>
   </div>
   <div class='ocr_carea' id='block_1_6' title="bbox 52 2682 312 2697">
    <p class='ocr_par' dir='ltr' id='par_1_13' title="bbox 52 2682 312 2697">
     <span class='ocr_line' id='line_1_30' title="bbox 52 2682 312 2697; baseline 0 461"><span class='ocrx_word' id='word_1_202' title='bbox 52 2682 312 2697; x_wconf 95' lang='lat' dir='ltr'><em> </em></span> 
     </span>
    </p>
   </div>
   <div class='ocr_carea' id='block_1_7' title="bbox 148 2731 618 2788">
    <p class='ocr_par' dir='ltr' id='par_1_14' title="bbox 148 2731 618 2788">
     <span class='ocr_line' id='line_1_31' title="bbox 148 2731 618 2788; baseline 0.013 -17"><span class='ocrx_word' id='word_1_203' title='bbox 148 2731 181 2781; x_wconf 76' lang='lat'><em>⁸)</em></span> <span class='ocrx_word' id='word_1_204' title='bbox 205 2737 244 2771; x_wconf 87' lang='lat' dir='ltr'><em>V.</em></span> <span class='ocrx_word' id='word_1_205' title='bbox 270 2736 358 2773; x_wconf 75' lang='lat' dir='ltr'><strong>Hist.</strong></span> <span class='ocrx_word' id='word_1_206' title='bbox 383 2742 456 2776; x_wconf 83' lang='lat' dir='ltr'>crit.</span> <span class='ocrx_word' id='word_1_207' title='bbox 481 2755 514 2788; x_wconf 77' lang='lat' dir='ltr'><em>p.</em></span> <span class='ocrx_word' id='word_1_208' title='bbox 538 2744 618 2779; x_wconf 78' lang='lat'><strong>400.</strong></span> 
     </span>
    </p>
   </div>
  </div>
 </body>
</html>
