1656 3146
237 155 322 197 vlo
630 149 899 192 ERIPHUS.-
957 148 1075 192 mm
1078 149 1298 193 10011118.

642 362 1262 423 ERIPHUS.

785 547 1174 593 ΑςΙΟΛΟΣ.

244 635 448 687 Antiquus
476 645 610 674 sermo
638 637 700 673 est
729 646 776 673 ac
805 646 890 675 non·
916 633 1195 687 aspernabilis,

243 708 381 759 pater:
411 703 563 752 vinum,
592 703 717 752 alunt,
748 703 928 755 quamvis
957 705 1102 744 invitos
1131 714 1251 744 senes

245 775 367 815 sallre
397 773 518 826 cogit.

564 1054 1393 1126 HENIOOfflUsj.

245 1264 330 1306 lam
359 1263 613 1318 singularum⁴
634 1273 781 1302 nomen
812 1274 1046 1314 expromam
1075 1263 1170 1304 tibi':

245 1339 287 1375 at
313 1333 533 1374 universim
562 1332 755 1386 plurimas
783 1332 906 1372 urbes
936 1332 1065 1382 vides,

245 1416 350 1456 quae
379 1403 458 1443 iam
489 1402 694 1454 desipiunt
723 1401 821 1441 inde
848 1415 871 1442 a
899 1402 1028 1443 multo
1058 1407 1259 1455 tempore.

245 1472 356 1513 forte
381 1472 615 1524 interpellet
643 1471 801 1522 aliquis,
831 1474 886 1521 et,
916 1485 988 1512 cur
1015 1474 1096 1513 hoc
1125 1473 1218 1512 loco

245 1543 327 1584 sint
355 1542 508 1595 pariter
537 1553 693 1589 omnes,
724 1545 904 1592 quaerat.
963 1556 1062 1600 ergo
1093 1556 1116 1584 a
1145 1550 1210 1583 me
1241 1543 1391 1585 audiat.

247 1624 515 1666 quaecunque
545 1612 696 1650 circum
727 1611 856 1662 spatia
885 1612 1045 1653 telluris
1074 1616 1229 1666 patent,

250 1682 440 1735 Olympia
468 1681 574 1721 haec
603 1684 710 1720 sunt.
767 1681 879 1721 illam
908 1683 987 1723 iam
1017 1696 1180 1723 scenam
1211 1683 1372 1736 aspice:

249 1751 572 1804 spectacularem
602 1762 690 1790 eam
720 1762 810 1789 esse
840 1754 1041 1803 persuade
1071 1754 1157 1793 tibi.

251 1824 356 1862 esto.
413 1819 510 1872 quid
538 1819 638 1859 inibi
669 1819 855 1860 civitates
883 1835 990 1863 nunc
1022 1823 1179 1877 agunt?

247 1894 448 1929 venerunt
477 1888 658 1928 libertati
686 1887 869 1930 facturae
899 1904 1028 1941 sacra,

250 1959 441 2013 quoniam
470 1957 634 1997 tributis
662 1957 859 1998 liberatae
889 1965 983 2001 sunt
1013 1961 1149 2001 modo.

251 2028 325 2068 sed
354 2031 572 2079 postquam
602 2039 624 2067 a
655 2038 771 2067 sacro
800 2033 967 2070 ventum
998 2035 1074 2079 est,
1104 2029 1196 2070 illas
1225 2027 1402 2081 perdidit

251 2097 446 2139 conviviis
476 2097 681 2148 excipiens
712 2097 764 2136 de
794 2097 861 2137 die
890 2099 931 2138 in
963 2100 1072 2143 diem

251 2181 327 2220 per
356 2167 528 2206 multum
559 2170 720 2217 tempus
750 2166 899 2218 hospes
929 2169 1216 2223 imprudentia.

251 2243 338 2278 tum
369 2236 557 2289 geminae
587 2236 637 2276 ad
666 2236 756 2276 illas
786 2243 1046 2280 accesserunt
1073 2239 1280 2287 mutieres,

253 2320 358 2360 quae
389 2311 534 2347 cuncta
563 2306 866 2347 conturbarunt.
926 2309 1182 2360 Optimatitas

252 2383 315 2418 est
343 2390 490 2417 nomen
522 2376 652 2425 alteri,
683 2377 800 2415 alteri
830 2377 1099 2430 Popularitas,

257 2460 427 2504 quarum
458 2447 627 2491 incitata
658 2446 815 2502 pridem
846 2452 1080 2489 externatae
1109 2447 1264 2491 furunt.
