1656 3146
224 166 309 206 68⁰
834 160 1061 203 AMPfflS.

632 266 1287 311 ΦΙΛΛΔΕΛΦΟΙ.

942 354 972 394 1.

230 425 337 467 Mihi
365 424 552 477 equidem
585 424 721 463 multis
751 423 932 475 partibus
962 423 1166 464 laudatior

229 494 574 535 merobibulorum
605 493 698 542 vita,
729 504 848 544 quam
878 498 1072 541 vestrum,
1105 492 1252 544 quibus

231 564 429 616 sapientia
459 563 587 603 omnis
616 562 754 602 fronte
784 569 972 615 caperata
1002 563 1134 602 sedet.

230 645 324 674 nam
353 632 586 685 digerendis
615 633 737 671 rebus
767 643 871 683 quae
897 631 1119 684 prudentia

233 705 433 755 perpetuo
462 701 656 753 invigilat,
683 700 775 752 quia
804 701 990 740 minutim
1021 706 1142 752 atque
1170 699 1287 740 anxie

236 776 442 811 momenta
472 770 669 822 explorat,
698 770 866 821 aggredi
897 770 1062 822 negotia

237 843 472 879 cunctatur:
501 840 572 880 illa
600 852 698 880 vero
728 852 832 891 quae
861 852 941 879 non
971 839 1140 891 deputat

235 912 319 948 tam
353 910 605 961 pensiculate
635 909 731 961 quid
759 908 1135 948 sit=consectarium

235 977 288 1017 ad
317 990 517 1031 quamque
545 991 647 1028 rem,
676 977 844 1018 calidius
873 982 915 1017 et
935 977 1158 1018 'iuvenilius

239 1047 408 1086 molitur
435 1047 603 1099 aliquid.
944 1099 983 1140 u

241 1171 373 1223 Quam
402 1184 470 1212 res
500 1183 662 1212 morosa
691 1173 768 1219 est,
799 1181 958 1209 summe
988 1167 1125 1208 divum
1156 1167 1354 1220 luppiter,
1381 1149 1384 1151 Δ

241 1239 364 1281 homo
394 1242 542 1282 tristis!
572 1245 613 1282 et
643 1243 786 1281 cuncta
814 1239 855 1278 in
886 1238 1031 1278 malam
1061 1241 1217 1290 partem
1247 1236 1406 1289 accipit.

647 1407 722 1449 Ex
751 1405 988 1449 FABULlS
1019 1405 1075 1447 IN
1079 1404 1296 1446 GERTIS.

951 1490 1006 1530 11.

247 1556 456 1599 Medicina
484 1561 596 1601 nulla
624 1561 769 1601 melior
798 1564 863 1600 est
891 1558 1158 1601 temulentiae

250 1638 370 1678 quam
401 1628 453 1669 de
481 1630 700 1683 improviso
731 1632 765 1670 si
794 1643 872 1682 qua
902 1628 1104 1669 moestitia
1133 1626 1302 1666 accidat.

251 1708 426 1749 quue
455 1712 503 1740 ea
534 1705 616 1741 tam
645 1701 767 1740 facile
796 1702 875 1740 vim
904 1699 1044 1739 temeti
1075 1697 1243 1747 dissipat

253 1770 300 1806 ut
329 1766 545 1810 brassicam
575 1770 632 1811 nil
662 1771 773 1811 dicas
803 1770 881 1810 nisi
909 1770 1048 1809 ludum
1078 1773 1120 1808 et
1147 1768 1295 1807 iocum.

943 1854 1017 1893 ΙΙΙ.

253 1916 456 1959 Deserere
485 1922 554 1972 qui
582 1922 705 1961 audet
735 1934 902 1962 coenam
929 1923 1147 1961 immunem
1176 1932 1199 1958 a
1229 1915 1426 1969 symbola,

255 1986 365 2028 huuc
394 1995 435 2029 et
466 1989 655 2043 fugacem
687 1992 728 2031 in
759 1993 847 2032 acie
877 2004 928 2031 ne
959 1991 1098 2031 dubita
1124 1988 1228 2028 fore.

958 2076 1007 2116 V.

261 2139 461 2181 Nimirum
491 2147 533 2183 et
561 2145 602 2184 in
632 2145 724 2184 vino
754 2145 888 2196 aliqua
915 2145 977 2185 vis
1005 2141 1230 2196 napientiae
1261 2144 1345 2181 est:

261 2208 446 2251 hebescit
474 2213 610 2254 multis
638 2215 807 2265 animus,
839 2228 929 2255 cum
958 2217 1100 2266 potant
1129 2225 1286 2266 aquam.

937 2297 1050 2339 V111.

264 2361 505 2416 Quicunque
535 2370 657 2418 negat
685 2367 838 2406 habere
867 2366 1015 2407 iuranti
1044 2366 1167 2405 fidem

263 2430 470 2486 detegitur
498 2436 586 2488 ipse
614 2441 826 2489 promptus
855 2438 896 2476 in
925 2436 1164 2490 periurium.

955 2519 1028 2560 lX.

266 2580 562 2630 Taciturnitate
591 2589 702 2630 nulla
729 2601 796 2629 res
824 2589 1108 2642 praestantior.
