1702 3158
536 139 586 180 Π
589 136 671 181 ΡΩ
682 138 1009 182 ΤΕΣΙΛΑΟΣ.
1426 143 1508 183 189

42 251 383 299 πουλυποδείων.
415 254 524 298 PVL
554 251 867 296 πολυποδείων.
900 256 968 296 BC
985 249 1278 295 πολυποδίων.
1309 255 1507 296 Nostrum

40 329 469 381 Schweighaeuserus.
530 327 610 367 Pro
644 323 830 380 χολίκων
858 328 927 367 BC
956 321 1177 365 κολλίκων.
1236 349 1290 356 —-
1348 327 1420 368 Vs.
1450 327 1506 366 43

37 393 188 452 ὤχρων
229 398 496 438 casaubonus
535 402 578 437 et
619 399 666 438 G.
725 392 875 450 ὠχρῶν
905 397 1063 438 APVL.
1121 421 1175 428 —-
1234 397 1304 437 Vs.
1333 397 1390 436 44
1427 410 1504 449 pro

39 467 187 522 πυρῶν
225 469 642 521 Schweighaeuserus
680 469 731 509 ad
762 469 838 510 vu
871 482 909 520 p.
941 469 1020 507 311
1043 468 1082 507 d.
1119 471 1284 520 praeter
1322 468 1504 507 necessi-

37 544 164 580 tatem
194 543 326 579 tentat
356 536 476 577 πυῶν
506 539 570 578 vel
601 535 726 579 πυοῦ.
759 564 813 570 —-
843 539 914 580 νε.
932 538 988 577 48
1018 533 1163 591 ἑφθαὶ
1194 551 1269 590 pro
1300 532 1436 576 ὀπταὶ
1454 539 1502 579 C.

38 613 126 652 Aut·
150 611 230 651 hoc
259 609 512 663 probandum
556 614 625 648 aut
654 622 774 649 versu
806 608 994 660 sequenti
1032 609 1294 648 scribendum
1325 603 1504 661 φυκίδες

39 676 184 721 ὀπταί.
245 681 440 720 Ceterum
471 679 568 718 inde
598 693 619 718 a
649 691 707 719 vs.
725 679 780 718 45
811 680 927 719 locus
958 679 1012 719 ita
1044 679 1358 733 distinguendus
1390 683 1501 719 erat:

370 743 552 801 καρύων,
582 743 793 800 χόνδρου·

365 812 553 869 κάραβοι
583 812 726 867 ὀπτοί,
755 814 959 864 τευθίδες
990 813 1135 866 ὀπταί,

366 882 563 940 κεστρεὺς
592 882 737 939 ἑφθός
780 883 940 936 σηπίαι
969 882 1131 939 ἑφθαί,

366 951 549 1009 μύραιν’
580 953 716 1011 ἑφθή,
748 956 903 1009 κωβιοὶ
932 953 1086 1011 ἑφθοί,

363 1022 572 1074 θυννίδες
601 1024 759 1082 ἑφθαί,
791 1024 968 1082 φυκίδες
1003 1023 1162 1082 ἑφθαί,

362 1092 589 1151 βάτραχοι,
619 1097 785 1152 πέρκαι.

31 1167 104 1208 νε.
133 1167 188 1207 52
227 1161 346 1222 ῥίνης
380 1169 812 1222 Schweighaeuserus.
873 1163 1015 1223 ῥείνης
1044 1170 1131 1211 VL.
1190 1163 1324 1225 ῥήνης
1355 1169 1402 1210 Ρ.
1443 1196 1494 1203 -

31 1237 102 1279 νε.
131 1237 187 1277 54
223 1232 324 1290 ῥόαι
353 1239 401 1278 Α.
463 1239 596 1292 Vulgo
627 1236 741 1292 ῥοαί.
802 1240 910 1279 Tum
951 1237 1158 1294 ἕρπυλλος
1188 1241 1235 1279 L.
1294 1237 1498 1293 ἕρπυλλοι

29 1307 156 1348 ΔΡν.
194 1302 342 1359 μήκων
372 1309 464 1349 add.
495 1310 581 1350 AL.
628 1323 707 1350 om.
741 1309 826 1351 PV.
885 1335 939 1342 -—-
999 1311 1071 1352 νε.
1101 1310 1156 1350 55
1186 1306 1332 1348 ἐλαῖαι
1363 1311 1409 1351 Ρ.
1439 1337 1495 1344 —-

28 1376 99 1419 Vs.
127 1376 182 1416 56
221 1374 370 1431 πρασὰ
412 1379 533 1421 PVL.
593 1375 741 1432 πράσα
781 1380 1210 1433 Schweighaeuserus.
1270 1381 1379 1420 Tum
1418 1376 1494 1430 γή-

28 1458 142 1486 τειον
178 1448 413 1490 Dindorfius
456 1464 530 1503 pro
569 1445 733 1500 γήτεια.
791 1452 824 1490 Β
855 1446 1029 1503 κρόμια.
1090 1450 1171 1490 Pro
1210 1444 1357 1503 (ρίστη
1397 1452 1494 1492 Din-

28 1517 182 1558 «lortius
212 1515 356 1572 φυστὴ
387 1521 670 1561 Herodianum
711 1521 820 1574 apud
850 1521 980 1561 schol.
1002 1510 1221 1574 *Ari-noph.
1253 1523 1377 1575 Vesp.
1408 1523 1492 1562 608

27 1593 236 1640 sequutus.
265 1613 320 1620 —
350 1590 420 1630 Vs.
437 1590 492 1629 58
520 1586 713 1642 μαραθ’,
748 1587 810 1645 ῳὰ
840 1593 889 1631 A.
930 1589 1161 1644 μαραθῶα
1191 1592 1313 1633 ΒΡν.
1346 1588 1493 1645 μάρα-

26 1656 144 1717 ᾂρον
173 1657 221 1697 L.
282 1658 439 1698 Ibidem
470 1661 502 1698 B
534 1645 686 1713 csdyoi.
746 1661 777 1700 P
809 1657 943 1713 ([ακὴ.
1002 1663 1111 1702 Tum
1140 1660 1350 1713 τέττιγες,
1388 1657 1493 1701 ὀποὶ

27 1728 184 1769 correxi
212 1727 292 1767 ium
323 1729 419 1768 olim
452 1730 502 1768 ad
533 1731 719 1783 Euphor.
750 1745 789 1784 p.
818 1732 887 1772 84.
945 1732 1081 1785 Vulgo
1122 1731 1306 1782 τέττιγες
1347 1727 1488 1774 ὀπτοί.

29 1799 148 1851 Quod
177 1803 223 1838 ut
253 1799 304 1838 de
336 1786 508 1839 metrico
539 1801 636 1840 vitio
676 1805 835 1841 taceam
878 1801 999 1841 etiam
1027 1803 1123 1842 ideo
1154 1802 1256 1842 ferri
1285 1815 1367 1842 non
1396 1808 1490 1855 pot-

29 1872 110 1918 eet,
157 1869 266 1921 quod
307 1869 440 1921 pisces
487 1875 640 1910 assatos
687 1872 768 1911 iam
810 1884 933 1924 supra
977 1886 1036 1912 vs.
1078 1873 1132 1912 45
1173 1886 1262 1925 sqq.
1307 1885 1489 1914 comme-

29 1941 209 1982 notavit.
276 1941 337 1980 De
373 1934 466 1995 ὀπῷ
503 1943 690 1982 attulisse
720 1942 899 1982 sufficiat
927 1943 1171 1983 Salmasium
1201 1945 1348 1983 Exere.
1380 1943 1488 1985 Ptin.

29 2023 70 2064 p.
98 2011 179 2051 256
215 2014 256 2051 et
285 2011 570 2051 Casaubonum
601 2013 652 2052 ad
681 2013 832 2053 Athen.
865 2013 924 2052 111
956 2027 995 2066 p.
1028 2014 1110 2052 100
1130 2013 1160 2053 f.
1217 2039 1271 2045 —-
1330 2013 1402 2053 Vs.
1430 2013 1488 2053 59

28 2077 223 2135 κήρυκες,
263 2072 372 2128 ἅλες.
432 2083 587 2122 Mirum
626 2086 687 2122 est
717 2083 777 2122 sal
806 2083 888 2122 hoc
918 2084 1009 2123 loco
1049 2083 1374 2123 commemorari.
1433 2085 1487 2124 At

30 2151 216 2191 similiter
244 2164 302 2192 vs.
332 2152 388 2191 58
425 2153 559 2204 pisces
590 2152 774 2204 τέττιγες
805 2158 1176 2193 commemorantur
1203 2154 1314 2192 inter
1343 2153 1486 2193 condi-

29 2224 175 2267 menta,
216 2246 269 2254 —-
313 2223 385 2263 Vs.
416 2223 470 2261 60
498 2217 600 2274 μύες
630 2236 704 2275 pro
733 2220 835 2275 μῦες
867 2222 1118 2262 Erfurdtius.
1163 2224 1484 2275 Schweighaeu-

27 2300 141 2332 tcrus
167 2288 263 2343 μῦς.
320 2292 433 2332 Idem
463 2287 637 2345 ὄστρεια
667 2306 741 2346 pro
772 2288 944 2344 ὄστρεα.
1003 2318 1059 2325 -·
1119 2294 1187 2332 νε.
1218 2294 1270 2331 61
1310 2285 1484 2346 ὄρκυνες

27 2356 76 2401 P.
130 2386 184 2394 —
239 2362 312 2403 Vs.
341 2363 394 2401 62
433 2357 609 2414 ἄᾳατον
647 2363 914 2415 probabiliter
955 2362 1383 2415 Schweighaeuserus.
1427 2389 1483 2397 —

27 2429 98 2472 νε.
126 2431 180 2470 67
218 2428 340 2469 τουδὶ
369 2432 513 2483 scripsi
544 2433 594 2472 ad
621 2433 806 2485 Euphor.
838 2447 877 2486 p.
906 2432 961 2472 85
993 2446 1066 2485 pro
1098 2424 1262 2485 rulgato
1292 2430 1480 2475 τουτουί.

26 2499 95 2539 ΔΡ
125 2497 257 2541 τουτί.
286 2526 340 2533 —
371 2502 441 2543 νε.
472 2503 526 2540 66
554 2499 631 2540 τοῦ
655 2498 907 2554 χάσκοντος.
966 2504 1102 2555 Digito
1134 2504 1386 2543 monstrabat
1415 2505 1480 2544 hi-

28 2568 140 2616 strio,
170 2570 238 2620 qui
265 2570 368 2610 haec
396 2572 610 2621 recitabat,
638 2585 766 2613 unum
796 2587 845 2613 ex
876 2573 1197 2625 spectatoribus,
1228 2585 1350 2624 quem
1379 2587 1478 2626 pro-

26 2640 119 2689 pter
145 2632 459 2692 εὐρυπρωκτίαν
489 2646 631 2682 notare
660 2643 805 2692 vellet,
845 2644 897 2682 de
928 2655 1008 2694 quo
1039 2643 1248 2683 admonuit
1288 2644 1367 2684 iam
1399 2645 1477 2684 Ca-

29 2706 243 2748 saubonus.
271 2732 326 2742 —-
353 2710 426 2763 νε.
453 2712 506 2751 66
535 2709 839 2766 διατινομένου
869 2714 915 2753 Β.
944 2739 997 2744 —-
1036 2713 1107 2755 Vs.
1138 2713 1193 2753 68
1223 2708 1476 2767 διακόψειεν
