1702 3158
243 181 300 224 56
782 178 857 219 AN
861 176 1124 220 Tn’HAle

525 349 812 394 ΘΟΡΙΚΙΟΙ
838 351 889 392 H
919 349 1301 394 ΔΙΟΡΥΤΤΩΝ.
1357 355 1397 404 Ι*)

618 472 789 515 Λοῦται
817 469 866 512 δ’
893 469 1093 523 ἀληθῶςς
1128 471 1179 516 Β.
1211 470 1321 513 ἀλλὰ
1349 469 1417 524 τίς

463 556 508 598 ἐκ
531 553 877 613 χρυσοκολλήτου
905 571 952 610 γε
979 552 1184 604 κάλπιδος
1211 552 1332 612 μύρῳ

470 635 698 696 Αἰγυπτίῳ
725 642 804 694 μὲν
833 637 931 688 τοὺς
961 635 1099 688 πόδας
1126 640 1201 680 καὶ
1229 637 1283 679 τὰ
1314 638 1455 689 σκέλη,

468 721 694 779 φοινικίνῳ
724 721 769 763 δὲ
800 722 876 771 τὰς
904 720 1101 776 γνάθους
1130 723 1199 763 καὶ
1232 719 1402 772 τιτθία,

410 805 438 846 5
468 803 739 862 σισυμβρίνῳ
769 805 814 846 δὲ
845 804 921 846 τὸν
951 805 1093 860 ἕτερον
1122 803 1351 860 βραχίονα,

466 885 722 945 ἀμαρακίνῳ
752 888 798 929 δὲ
827 887 904 938 τὰς
934 886 1069 943 ὀφρῦς
1098 889 1172 929 καὶ
1200 887 1281 939 τὴν
1309 885 1461 943 κόμην,

470 968 705 1028 ἑρπυλλίνῳ
734 970 779 1012 δὲ
807 969 857 1012 τὸ
886 967 992 1024 γόνυ
1020 972 1095 1012 καὶ
1124 969 1200 1012 τὸν
1229 969 1399 1026 αὐχένα.

354 1082 591 1124 Athenaeus
621 1084 701 1124 XII
730 1097 770 1136 p.
799 1083 882 1123 553
901 1083 950 1122 d:
979 1078 1251 1135 Ἀντιφάνης
1281 1080 1326 1123 δὲ
1354 1081 1400 1122 ἐν
1427 1082 1505 1135 μὲν
1528 1076 1694 1130 Ἀλκή-

245 1146 363 1188 στιδι
390 1148 518 1206 ἐλαίῳ
547 1147 646 1190 τινὰ
674 1151 792 1191 ποιεῖ
811 1147 1040 1203 χριόμενον
1068 1148 1168 1198 τοὺς
1198 1149 1335 1200 πόδας
1364 1176 1409 1184 --
1446 1149 1520 1189 καὶ
1547 1148 1593 1189 ἐν
1612 1147 1695 1189 Θο-

244 1214 396 1269 ρικίοις
424 1218 594 1259 Λοῦται
624 1215 672 1258 δ’
707 1214 890 1268 αληθῶς
921 1218 1010 1261 κτλ.
1069 1221 1183 1261 Idem
1212 1221 1287 1262 XV
1319 1234 1359 1273 p.
1381 1221 1524 1259 esne:
1554 1211 1621 1258 ὅτι
1649 1214 1695 1259 δὲ

246 1283 321 1327 διὰ
349 1287 543 1338 σπουδῆς
569 1277 625 1338 ἦν
651 1288 739 1335 τοῖς
768 1286 1070 1343 παλαιοτέροις
1098 1303 1126 1337 η
1156 1287 1241 1327 τῶν
1268 1283 1416 1342 μύρων
1439 1286 1591 1341 χρῆσις
1621 1279 1695 1338 δῆἐ

245 1353 324 1395 λον
366 1354 411 1396 ἐκ
455 1356 533 1397 τοῦ
567 1358 641 1398 καὶ
679 1354 956 1398 ἐπίστασθαι
993 1354 1119 1397 ποῖόν
1157 1371 1200 1397 τι
1239 1355 1402 1417 ἑκάστῳ
1437 1356 1524 1397 τῶν
1556 1354 1679 1411 μελοῖ

243 1421 368 1478 ἡμων
405 1424 525 1467 ἐστιν
562 1423 820 1477 ἐπιτῄδειον.
880 1422 1159 1480 ’.Αντιφάνης
1200 1426 1306 1480 γοῦν
1341 1425 1388 1466 ἐν
1420 1424 1634 1480 Θορικίοις

245 1493 527 1550 Διορυττοντί
566 1509 676 1552 φησι
713 1494 885 1538 Λοῦται
921 1492 966 1536 δ’
998 1492 1180 1547 ἀληθῶς
1214 1495 1303 1538 κτλ.
1371 1499 1442 1539 Vs.
1473 1499 1494 1537 1
1544 1495 1648 1537 λοῦτ
1686 1529 1702 1551 ,¹

246 1561 298 1602 δ’
322 1560 503 1613 ἀληθῶς
532 1567 663 1619 primo
693 1567 784 1606 loco
813 1580 980 1616 omnes;
1011 1568 1188 1607 altero‘B
1218 1565 1320 1605 λοῦτ
1350 1559 1400 1604 αι’
1426 1564 1505 1605 δου
1533 1579 1557 1606 ο
1589 1563 1643 1606 οέλ
1675 1587 1702 1616 —3

243 1631 355 1680 θῶς.
413 1636 530 1675 Cant.
562 1640 602 1674 et
634 1637 666 1675 L
696 1631 818 1674 λοῦτ’
850 1630 992 1676 αι’δου.
1053 1638 1188 1676 Extuii
1226 1637 1330 1676 haee
1365 1649 1441 1688 per
1469 1618 1702 1690 interroges}

244 1703 398 1742 tionem
429 1708 470 1742 et
499 1705 713 1756 sequentia
741 1705 858 1744 alteri
889 1705 1172 1744 interlocutori
1207 1706 1426 1757 adsignavi.
1471 1727 1522 1737 ·-
1566 1707 1635 1747 Vs.
1697 1691 1702 1725 Ξ

241 1773 374 1825 primo
412 1773 503 1811 loco
540 1785 616 1824 pro
650 1768 997 1825 χρυσοκολλήτου
1033 1770 1079 1810 δὲ
1115 1759 1402 1813 ABP'habent
1425 1769 1688 1825 χρυσοκόλλη

245 1836 538 1893 (χρυσοκόλλη
567 1843 627 1892 Β)
658 1854 702 1880 τε
731 1842 851 1882 ΑΒΡ.
875 1835 1223 1894 χρυσοκολλήτου
1251 1854 1295 1891 γε
1326 1843 1410 1883 VL.
1469 1841 1516 1881 Id
1545 1854 1687 1894 sequu-

242 1915 309 1949 tus
338 1922 440 1950 sum.
499 1934 553 1940 ——
612 1911 682 1951 Vs.
712 1911 739 1949 3
768 1907 821 1948 τὰ
852 1909 978 1959 σκέλη
1017 1911 1146 1950 altero
1176 1911 1292 1959 loco,
1330 1911 1461 1962 primo
1501 1908 1578 1958 τὰς
1604 1911 1686 1964 χεῦ,

243 1992 343 2032 ρας,
378 1993 452 2031 pro
492 1991 572 2032 quo
617 1980 688 2020 VL
737 1980 991 2033 scripserunt
1030 1975 1107 2025 τὰς
1140 1977 1286 2032 χέρας,
1326 1993 1405 2031 qua
1441 1979 1572 2020 forma
1611 1982 1685 2037 no*

241 2053 414 2089 utuntur
450 2052 595 2100 poetae
637 2049 794 2087 comici.
854 2049 934 2088 Pro
974 2044 1029 2086 τὰ
1058 2046 1184 2096 σκέλη
1229 2049 1419 2099 antiquae
1458 2039 1683 2099 comoedia}

241 2122 365 2170 poeta
395 2118 623 2170 scripsisset
653 2118 798 2169 opinor
827 2114 882 2157 τώ
914 2115 1053 2165 σκέλη.
1116 2117 1199 2158 Sed
1227 2122 1272 2157 ut
1295 2118 1547 2170 Antiphane·
1569 2103 1698 2161 εῑίοιῆ

239 2187 429 2227 Anaxilas
460 2188 598 2227 Neott.
629 2186 647 2225 1
683 2188 751 2226 21.
813 2209 862 2230 -,-
922 2188 992 2228 Vs.
1022 2187 1049 2226 4
1088 2182 1313 2240 φοινικίνῳ
1351 2187 1479 2227 altero
1518 2189 1610 2227 loeo
1635 2194 1694 2229 -ei

240 2256 371 2308 primo
404 2256 524 2296 ABP.
555 2251 753 2310 φοινικίω
770 2256 853 2297 VL.
893 2280 946 2290 —.
977 2255 1047 2296 Vs.
1071 2254 1098 2293 5
1129 2251 1397 2338 σισυμβρίνῳ
1426 2257 1553 2296 altero
1583 2258 1679 2299 loco

242 2329 284 2363 et
313 2325 443 2376 primo
474 2326 558 2365 ΑΡ.
596 2315 915 2378 οἰσὶμβρίνωΒ.
947 2319 1191 2379 σισυμβρίῳ
1221 2326 1306 2367 VL.
1337 2351 1389 2357 --
1417 2326 1485 2368 Vs.
1501 2327 1528 2367 7
1557 2328 1700 2381 prim(

240 2393 332 2433 loco
362 2394 432 2433 AB
463 2389 684 2449 ἱρπυλίνῳ.
742 2393 824 2435 Pro
864 2388 970 2444 γόνυ
998 2394 1034 2435 A
1063 2387 1174 2444 γύνι.
1688 2380 1695 2397 ’

335 2524 367 2569 ⁸)
391 2525 433 2558 V.
457 2523 545 2559 Hist.
565 2523 638 2558 crit.
661 2535 694 2568 p.
718 2524 798 2558 331.
