1702 3158
217 168 300 210 448
811 167 1068 209 ALExlms

918 309 972 349 Π.

947 392 1059 437 Ἐὰν
1088 395 1309 455 ἐπιχώριος

437 473 583 530 ἰατρὸς
611 474 709 531 εἴπῃ
738 474 971 531 ,,τρυβλίον
999 477 1136 537 τούτῳ
1165 479 1263 523 δότε

439 555 648 609 πτισάνης
677 557 857 612 ἕωθεν”,
888 564 1248 619 καταφρονοῦμεν
1275 562 1458 613 εὐθέως·

437 637 493 682 ἂν
522 641 568 681 δὲ
597 638 867 692 ,,πτισάναν”
895 645 967 686 καὶ
998 645 1267 701 ,,τρυβλίον”,
1296 644 1595 702 θαυμάζομεν.

378 727 406 767 5
435 726 508 766 καὶ
538 722 671 766 πάλιν
699 722 774 766 ἐὰν
801 728 882 780 μὲν
913 728 1174 783 ,,τευτλιόν”,
1202 730 1485 787 παρείδομεν·

434 807 510 849 ε’ἀν
537 807 582 848 δὲ
613 807 858 861 ,,σεῦτλον”,
887 808 1080 866 ἀσμένως
1108 811 1373 869 ἠκούσαμεν·

431 889 487 939 ὦς
517 888 567 931 οὐ
598 889 646 931 τὸ
678 891 857 934 σεῦτλον
887 891 1047 936 ταύτὸν
1076 892 1127 937 ὃν
1156 895 1215 953 τῷ
1242 894 1432 953 τευτλίῳι

324 1003 557 1043 Athenaeus
588 1003 686 1044 xlv
714 1017 755 1055 p.
784 1006 862 1044 621
882 1006 934 1045 d:
970 1002 1161 1060 ἐμιμεῖτο
1197 1021 1262 1055 τις
1291 1007 1661 1057 (Lacedaemonio-

213 1082 302 1110 rum
356 1068 604 1119 δικηλιστὰς
649 1073 789 1123 dicit)
841 1070 886 1111 ἐν
929 1070 1089 1115 εὐτελεῖ
1127 1074 1235 1126 λέξει
1279 1071 1517 1115 κλέπτοντά
1561 1084 1662 1112 τινα

213 1133 390 1192 ὀπώραν
426 1134 453 1188 ἢ
483 1137 646 1190 ξενικὸν
685 1134 835 1194 ἰατρὸν
874 1143 1043 1183 τοιαυτὶ
1079 1143 1280 1197 λέγοντα,
1319 1140 1379 1200 ,ὦς
1405 1139 1581 1193 ’Ἄλεξις
1615 1140 1661 1181 ἐν

212 1205 659 1265 Μανδραγοριζομένῃ
699 1207 772 1248 διὰ
811 1206 976 1251 τούτων
1011 1210 1275 1268 παρίστησιν
1305 1209 1416 1253 Ἐὰν
1443 1208 1663 1265 ἐπιχώριος

212 1275 300 1317 κτλ.
344 1279 546 1319 Videntur
576 1280 677 1319 haec
708 1293 755 1319 ex
786 1281 928 1321 eadem
959 1283 1141 1325 oratione
1169 1285 1343 1338 repetita
1373 1296 1475 1332 esse,
1506 1295 1554 1323 ex
1583 1294 1663 1334 qua

212 1348 398 1399 superius
450 1348 721 1400 fragmentum
769 1350 933 1390 allatum
980 1358 1055 1392 est.
1134 1354 1298 1394 Partem
1346 1353 1426 1393 loci
1473 1351 1661 1404 apposuit:

212 1416 332 1456 etiam
372 1418 608 1457 Eustathius
647 1431 687 1469 p.
717 1419 799 1457 884
828 1419 896 1459 24.
965 1421 1034 1461 Vs.
1068 1422 1094 1460 3
1130 1423 1369 1462 Eustathius
1406 1415 1661 1469 πτισσάνης.

210 1510 265 1517 ——
295 1485 366 1526 Vs.
388 1487 414 1524 4
443 1493 536 1525 ante
568 1487 820 1526 Dindorfium
850 1483 937 1526 ἐάν.
1000 1489 1102 1529 lbid.
1130 1491 1370 1531 Eustathius
1398 1484 1660 1536 πτισσοὲνας.

210 1553 403 1594 Fortasse
432 1555 556 1605 igitur
585 1550 810 1601 πτισάνας.
857 1557 936 1596 Pro
967 1554 1170 1610 τρυβλίον
1199 1560 1308 1599 aliud
1339 1561 1435 1611 quid
1465 1560 1659 1612 scriptum

209 1622 338 1662 fuisse
377 1623 426 1662 ab
454 1624 623 1664 Alexide
654 1629 838 1676 apertum
879 1630 954 1666 est.
1022 1628 1432 1680 Scllweighaeuserus
1468 1629 1660 1669 admonet

210 1692 372 1744 glossae
402 1693 612 1745 Hesychii,
650 1690 904 1746 Λίόριονε
942 1693 1158 1749 τρυβλίον.
1215 1698 1298 1737 Sed
1327 1699 1459 1750 ipsum
1487 1693 1659 1750 Ῑιοολί-

211 1758 333 1814 ὃριον
374 1767 680 1802 controversum
720 1767 793 1804 est.
860 1765 1045 1804 Medicos
1093 1767 1230 1806 dorice
1272 1767 1485 1818 loquentes
1530 1767 1658 1806 habe-

210 1843 301 1870 mus
332 1831 452 1870 etiam
482 1832 592 1871 alibi.
650 1833 698 1872 V.
729 1833 902 1871 Cratetis
932 1834 1031 1873 Fab.
1061 1835 1138 1874 inc.
1168 1849 1205 1875 v.
1237 1836 1303 1875 cll.
1334 1837 1526 1889 Epicrate
1554 1836 1654 1877 Fal).

208 1900 288 1939 inc.
330 1900 348 1938 1
387 1899 454 1938 25.
498 1924 551 1930 a
600 1899 670 1941 vs.
699 1900 726 1938 5
755 1901 849 1939 libri
879 1897 1087 1941 σευτλίον.
1154 1905 1392 1944 Eustathius
1420 1918 1460 1955 p.
1488 1893 1573 1943 '813
1594 1904 1656 1959 '42

209 1981 258 2008 ex
288 1969 461 2019 antiquis
491 1969 788 2021 grammaticis:
823 1963 1025 2009 Ἀττικοὶ
1063 1967 1144 2019 τὴν
1177 1969 1327 2018 κοινῶς
1363 1967 1529 2025 σύρβην
1555 1964 1656 2025 τύρ-

205 2038 293 2091 βην
338 2035 530 2087 λέγουσι,
584 2036 658 2076 καὶ
703 2035 755 2076 τὸ
799 2035 978 2077 σεῦτλον
1019 2037 1206 2082 τεῦτλον.
1272 2042 1414 2092 ltaque
1461 2036 1655 2080 τευτλίον

205 2106 363 2158 scripsi,
394 2119 497 2157 quae
523 2111 690 2158 recepta
720 2108 826 2159 apud
842 2109 997 2148 Atticos
1026 2107 1159 2150 forma
1187 2110 1279 2159 fuit,
1309 2107 1488 2149 σεῦτλον
1516 2114 1652 2152 autem

202 2179 244 2215 et
278 2171 474 2215 σευτλίον
509 2176 727 2227 peregrina
766 2189 842 2216 nec
881 2177 968 2216 sine
1009 2178 1141 2230 aliquo
1178 2178 1446 2219 affectationis
1484 2179 1653 2219 crimine

199 2248 409 2296 usurpata.
473 2245 620 2296 Arguit
647 2245 689 2283 id
719 2245 839 2285 etiam
869 2246 1103 2298 Euphronis
1133 2248 1247 2287 locus
1279 2248 1385 2300 apud
1415 2248 1566 2289 Athen.
1590 2247 1652 2288 xl

196 2324 238 2364 p.
263 2313 407 2352 503a:
447 2309 556 2351 ἐπὰν
594 2310 640 2351 δὲ
667 2311 827 2368 καλέσῃ
856 2313 999 2366 ψυγέα
1029 2313 1110 2364 τήν
1139 2313 1395 2370 ψυκτηρίαν,
1423 2315 1430 2369 Ι
1454 2312 1502 2355 τὸ
1532 2328 1652 2354 τευτ·

196 2377 291 2419 λίον
327 2379 374 2419 δὲ
414 2378 593 2431 σεῦτλα,
633 2381 774 2434 φακέα
813 2384 928 2436 (leg.
958 2384 1159 2437 φακέαν)
1195 2380 1275 2434 τὴν
1313 2382 1487 2438 φακῆνξ
1515 2379 1559 2423 τί
1587 2381 1657 2424 δεῖ

195 2449 355 2500 ποιεῖνς
397 2451 590 2491 Ceterum
621 2451 763 2492 confer
789 2453 918 2492 schol.
950 2454 1131 2507 Dionysii
1161 2455 1262 2495 Thr.
1290 2468 1330 2507 p.
1359 2453 1467 2493 485:
1505 2445 1650 2507 ὥσπερ

187 2516 312 2558 ’ἐστὶν
341 2518 410 2558 ἐπὶ
440 2518 518 2559 τοῦ
547 2514 699 2575 ἰατροῦ
727 2515 1086 2573 ἀποφαινομένου
1129 2518 1186 2574 ,,ἢ
1215 2517 1488 2578 ῥοφημάτιον
1517 2519 1592 2570 δὸς
1620 2515 1649 2578 ἢ

195 2578 429 2629 σευτλίον.”
476 2615 528 2621 —
580 2590 649 2631 Vs.
681 2592 706 2629 6
729 2591 823 2630 libri
851 2588 1056 2644 τευτλίον,
1087 2593 1194 2645 quod
1225 2594 1397 2634 correxi.
1454 2592 1536 2634 Pro
1565 2583 1648 2632 ἆσ-

193 2655 330 2710 μένως
360 2670 409 2698 ex
437 2659 470 2698 B
502 2663 710 2701 enotatum
739 2662 802 2701 est
830 2654 975 2708 ἡδέως.
