1702 3158
219 176 302 216 882
842 169 1070 212 EPHIPPI

703 355 1175 399 ΝΑΥΛΓΟΣ.

428 473 603 521 ”Επειτ’
635 473 829 526 ἀναστὰς
857 473 1058 531 εὔστοχος
1085 473 1273 527 νεανίας,

436 561 523 602 τῶν
550 559 594 611 ἐξ
620 556 899 613 Ἀκαδημίας
928 574 991 608 τις
1019 556 1103 601 ὑπὸ
1133 557 1353 601 Πλάτωνα
1381 556 1454 600 καί

434 640 1284 700 Βρυσωνοθρασυμαχειοληψικερμάτων

433 726 608 781 πληγεὶς
637 723 814 783 ἀνάγκῃ,
845 724 1214 783 ληψιλογομίσθῳ
1242 726 1366 782 τέχνῃ

382 811 411 852 5
439 807 580 852 συνών
608 824 684 862 τις,
714 807 791 851 οὐκ
819 807 1008 853 ἄσκεπτα
1039 806 1274 864 δυνάμενος
1303 808 1450 861 λέγειν,

433 884 481 934 εὗ
508 895 587 947 μὲν
614 890 811 950 μαχαίρᾳ
841 890 962 944 ξύστ’
995 890 1102 947 ἔχων
1130 889 1393 947 τριχώματα,

432 967 480 1017 εὗ
508 974 553 1017 δ’
584 973 844 1025 ὑποκαθιεὶς
871 972 1014 1030 ἄτομα
1045 972 1246 1029 πώγωνος
1276 971 1419 1027 βάθη,

433 1049 481 1100 εὗ
509 1055 553 1098 δ’
583 1058 630 1100 ἐν
653 1056 810 1115 πεδίλῳ
837 1055 954 1100 πόδα
982 1059 1125 1107 τιθεὶς
1151 1055 1236 1099 ὑπὸ
1265 1052 1404 1111 ξυρόν,

434 1141 597 1197 κνήμης
625 1137 818 1196 ἱμάντων
847 1136 1086 1196 ἰσομέτροις
1113 1138 1352 1195 ἑλίγμασιν,

357 1229 412 1268 10
439 1222 549 1282 ὄγκῳ
579 1240 621 1266 τε
648 1223 853 1280 χλανίδος
881 1215 927 1266 εὖ
957 1223 1342 1280 τεθωρακισμένος,

437 1305 569 1364 σχῆμ’
600 1306 830 1365 ἀξιόχρεων
861 1308 1088 1357 ἐπικαθεὶς
1117 1307 1333 1363 βακτηρίᾳ

433 1390 673 1446 ἀλλότριον,
702 1388 779 1433 οὐκ
807 1387 976 1442 οἰκεῖον,
1004 1388 1061 1440 ὠς
1089 1390 1185 1445 ἐμοὶ
1214 1390 1340 1442 δοκεῖ,

435 1473 572 1528 ἔλεξεν
600 1472 808 1531 ,ξἈνδρες
835 1475 911 1527 τῆς
934 1471 1203 1525 Ἀθηναίων
1226 1470 1434 1530 χθονός.”

326 1590 562 1633 Athenaeus
591 1589 649 1630 XI
688 1603 729 1643 p.
758 1589 841 1630 509
860 1602 906 1630 c:
939 1582 1165 1642 ’Έᾳιππος
1206 1585 1252 1627 ἐν
1298 1581 1484 1641 Ναυάγῳ
1525 1579 1654 1625 Πλά-

214 1655 331 1700 τωνά
369 1673 413 1699 τε
452 1654 588 1699 αὐτόν
621 1658 696 1699 καὶ
733 1655 818 1698 τῶν
858 1653 1083 1712 γνωρίμων
1117 1652 1237 1705 τινὰς
1273 1651 1573 1712 κεκωμῴδηκεν
1598 1649 1656 1703 ὥς

214 1728 289 1771 καὶ
317 1725 389 1770 ἐπ’
421 1723 606 1784 ἀργυρίῳ
635 1726 1030 1782 συκοφαντοῦντας,
1059 1723 1284 1780 ἐμφαίνων
1315 1719 1382 1767 ὅτι
1416 1725 1490 1766 καὶ
1518 1724 1655 1766 πολυο

216 1797 345 1847 τελιῦς
388 1794 601 1848 ἠσκοῦντο
643 1797 718 1838 καὶ
760 1790 828 1836 ὅτι
871 1794 946 1845 τῆς
986 1791 1225 1850 εὐμορφίας
1261 1795 1347 1835 τῶν
1387 1791 1506 1836 καθ’
1539 1791 1654 1847 ἡμᾶς

214 1864 408 1920 ἀσελγῶν
463 1862 642 1907 πλείονα
697 1861 909 1921 πρόνοιαν
961 1863 1199 1906 ἐποιοῦντο.
1271 1864 1380 1916 λέγει
1431 1863 1477 1904 δὲ
1521 1857 1655 1912 οὔτως

207 1933 383 1978 ’Έπειτ’
411 1931 604 1984 ἀναστάς
631 1934 721 1977 κτλ.
779 1936 850 1978 Vs.
881 1936 903 1974 1
934 1935 1146 1988 legebatur
1174 1932 1265 1974 ἐπεὶ
1292 1928 1523 1980 καταστάς.
1554 1935 1655 1975 Cor·

215 2008 322 2048 rexit
351 2007 571 2047 lacobsius.
627 2006 709 2045 Pro
739 1999 939 2057 εὔστοχος
968 2005 1177 2044 Dobraeus
1205 2004 1305 2045 Adv.
1327 2004 1366 2044 11
1395 2003 1529 2057 p.338
1557 2015 1654 2044 con-

215 2078 301 2118 iicit
328 2071 539 2128 εὔτροχος,
575 2075 738 2127 linguae
767 2074 1058 2115 volubilitatem
1087 2074 1342 2125 intellegens.
1398 2074 1530 2114 Recte
1557 2074 1657 2114 dici-

217 2151 284 2187 tur
311 2140 512 2198 εὔτροχον
538 2139 701 2198 στόμα,
741 2139 937 2197 εὔτροχος
965 2141 1138 2194 γλῶσσα
1169 2148 1210 2183 et
1239 2142 1404 2193 similia,
1441 2157 1521 2185 non
1557 2145 1656 2186 item

217 2210 415 2269 εὔτροχος
444 2209 633 2260 νεανίας.
691 2213 831 2265 ltaque
860 2215 895 2253 si
924 2214 1019 2265 quid
1048 2214 1305 2262 mutandum,
1340 2214 1476 2253 malim
1503 2208 1657 2254 εὔστο-

218 2297 312 2337 μος.
343 2284 536 2324 Geterum
565 2283 706 2323 similis
736 2283 927 2324 orationis
957 2284 1070 2322 color
1098 2283 1304 2334 Aristoph.
1333 2283 1445 2323 Eccl.
1475 2283 1570 2324 42⁷.
1600 2308 1656 2320 ..-

217 2354 329 2396 Vs.2
357 2352 478 2393 Dind.
504 2348 812 2404 Ἀκαδημείας.
842 2377 896 2385 —-
926 2353 996 2394 Vs.
1017 2352 1044 2391 3
1073 2352 1165 2392 libri
1193 2346 1379 2404 Βρύσων
1404 2363 1429 2389 ο
1457 2349 1656 2406 θρασυμ,

218 2423 386 2463 Grotius
427 2417 645 2474 Βρύσωνα
684 2420 884 2475 θρασυμ.
949 2421 1069 2474 Quod
1110 2424 1304 2473 sequutus
1347 2424 1409 2460 est
1451 2421 1688 2476 Schweig-¹

219 2491 444 2531 haeuserus
483 2496 524 2530 et
561 2492 808 2532 Dindorfius.
874 2494 928 2533 At
956 2493 1178 2543 Brysonem
1213 2502 1303 2529 cum
1334 2489 1503 2531 Platone
1538 2492 1657 2533 scho-
1701 2507 1702 2519 ³

223 2560 283 2601 las
317 2560 359 2599 in
398 2560 614 2601 Academia
650 2561 840 2601 habuisse
879 2559 1145 2600 demonstrari
1183 2571 1263 2598 non
1300 2563 1447 2610 potest.
1516 2561 1657 2614 Itaque
1700 2566 1702 2585 ³

225 2629 413 2670 coniunxi
446 2631 569 2670 verba
601 2626 783 2683 Βρύσων
817 2624 841 2668 ὁ
879 2641 967 2669 cum
999 2628 1144 2667 ceteris
1173 2626 1224 2665 ad
1255 2639 1377 2667 unum
1406 2630 1657 2672 vocabulum.
1699 2631 1702 2648 ³

226 2699 288 2740 De
315 2699 497 2753 Brysone
527 2700 785 2750 Heracleote,
826 2699 892 2740 cui
920 2696 1092 2738 multum
1120 2697 1271 2739 debere
1300 2697 1512 2741 Platonem
1541 2700 1662 2741 tradit
1701 2718 1702 2757 g
