1702 3158
198 158 286 201 524
797 159 1054 203 Amxlms

842 271 990 313 LV111.

309 353 453 394 Pollux
476 354 560 396 Vll
590 354 668 394 85·
706 348 732 392 ὀ
760 351 805 392 δὲ
834 350 1053 403 ποικιλτὴς
1078 349 1335 409 ὠνόμασται
1363 351 1484 409 παρὰ
1507 351 1634 398 Αλέ-

198 420 314 472 ξιδος
342 419 637 468 ποικιλεύς.
1627 432 1635 464 ἰ

865 504 972 546 LlX.

305 587 449 627 Pollux
478 589 667 630 vulla
697 580 804 628 varia
833 587 1042 628 fabrorum
1071 589 1337 630 instrumenta
1367 603 1632 635 enumerause

196 652 353 709 πρίων,
382 654 572 708 πρῖστις,
601 653 627 705 ἡ
656 655 896 710 καλουμένη
927 653 1036 712 ῥίνη.
1092 657 1166 697 καὶ
1194 655 1290 713 ῥίνη
1321 656 1366 698 δὲ
1394 656 1478 700 ὑπὸ
1506 654 1634 701 Ξενο-

195 723 364 779 φῶντος
402 725 585 780 εἴρηται.
640 724 685 766 ἐν
714 725 758 765 δὲ
788 726 876 773 τοῖς
906 722 1042 780 ἔργοις
1070 723 1204 767 αὐτοῦ
1231 727 1303 767 καὶ
1332 727 1386 767 τὰ
1410 725 1634 780 Ἀλέξιδος

191 788 248 833 ἂν
284 791 426 844 θείης,
492 798 622 838 Recte
670 797 989 850 lungermannus
1034 798 1155 839 verba
1198 798 1389 841 Alexidos
1435 801 1632 846 excidisse

192 865 345 906 statuit.

874 942 959 983 Lx.

302 1025 445 1064 Pollux
475 1024 552 1064 Vll
583 1023 688 1064 161:
717 1022 1042 1077 κεραμοπώλαι,
1069 1024 1424 1083 κεραμοπωλεῖον,
1452 1027 1507 1079 ὠς
1536 1029 1628 1072 Διί.

191 1104 359 1147 ναρχος.
415 1087 465 1131 τὸ
494 1083 612 1147 ῥῆμα
641 1103 728 1145 κερ
740 1106 809 1145 αμ
821 1106 843 1132 ο
855 1106 885 1131 π
900 1106 931 1130 ω
945 1090 993 1131 λε
1009 1092 1060 1131 ἵν
1079 1088 1267 1144 ”Λλεξις.

855 1213 962 1255 LXI.

300 1291 473 1336 Photiun
516 1296 615 1336 Lex.
653 1310 693 1349 p.
723 1297 806 1336 299
836 1297 903 1337 11.
960 1291 1208 1348 Νήστηςς
1264 1297 1462 1351 Σικελικὴ
1508 1296 1628 1350 θεός,

183 1359 371 1414 Ἀλεξις.
429 1365 614 1405 Genuina
643 1366 817 1405 nominis
846 1365 977 1406 forma
1006 1380 1098 1407 esse
1131 1369 1291 1408 videtur
1318 1368 1497 1420 Νῆστις,
1525 1384 1629 1424 quae

187 1439 344 1475 servata
368 1438 431 1473 est
447 1435 495 1473 ab
510 1435 723 1474 Eustathio
742 1448 790 1474 ex
805 1435 919 1475 Aelio
936 1437 1127 1489 Dionysio
1150 1442 1219 1477 aut
1236 1439 1432 1480 Pausania
1445 1453 1486 1492 p.
1504 1442 1627 1490 1180,

188 1505 265 1544 18:
305 1499 502 1551 Σικελικὴ
531 1501 578 1541 δέ
606 1515 682 1551 τις,
711 1500 836 1555 φασί,
866 1501 974 1551 θεὸς
1000 1502 1167 1553 Νῆστις
1202 1504 1378 1557 ἐλέγετο.
1435 1511 1522 1550 Nee
1551 1510 1627 1550 du-

189 1577 273 1616 bito
304 1574 397 1626 quin
429 1572 571 1612 eadem
601 1573 652 1612 sit
682 1585 799 1624 quam
817 1573 975 1613 Siculus
1003 1580 1138 1626 poeta,
1156 1578 1439 1629 Empedocles,
1468 1579 1510 1619 in
1538 1592 1625 1619 car-

190 1645 365 1686 minibus
394 1642 477 1683 suis
506 1642 738 1682 celebravit.
795 1643 844 1684 V.
862 1643 1062 1684 Karsteuii
1090 1645 1328 1698 Empedocl.
1358 1660 1416 1689 vs.
1433 1647 1501 1689 57.
1528 1649 1625 1690 212.

848 1738 975 1805 Lxu.

386 1840 447 1883 Τὸ
479 1840 777 1897 παναρμόνιον
806 1843 855 1884 τὸ
884 1843 1035 1886 καινὸν
1063 1843 1249 1887 §nemon
1277 1847 1447 1901 τεχνῶν.

298 1945 470 1985 ΡΙιοῑίιισ
507 1945 606 1984 Lex.
642 1959 682 1996 p.
708 1946 791 1985 388
819 1948 886 1986 26.
923 1942 1258 1999 Παναρμόνιονε
1295 1943 1482 2002 ὄργανον
1515 1962 1622 2002 μου·

188 2008 324 2054 σικόν.
384 2008 583 2062 ”.Αλεξις·
631 2008 721 2052 Ἐν
767 2004 800 2070 ᾧ
851 2011 921 2054 Τὸ
971 2012 1354 2070 παναρμόνιον
1397 2014 1456 2056 τὸ
1497 2031 1621 2058 και-

187 2080 282 2123 νὸν
319 2078 566 2122 ἕντεινον
601 2081 814 2136 τεχνῶν.
872 2085 917 2124 In
955 2086 1086 2125 verbis
1126 2083 1172 2124 ἐν
1199 2075 1231 2141 ᾧ
1258 2087 1431 2127 fortasse
1458 2087 1622 2131 fabulae

187 2166 334 2194 nomen
362 2153 475 2201 latet,
504 2166 540 2193 v.
565 2166 600 2193 c.
627 2151 759 2208 Λίνῳ,
789 2154 896 2205 quod
924 2150 1110 2194 ΛΙΝΩΙ
1138 2157 1331 2208 scriptum
1359 2158 1528 2209 proclivi
1557 2172 1622 2199 er-

188 2235 282 2263 rore
311 2222 408 2262 abiit
436 2223 477 2262 in
507 2234 600 2263 ενω.
633 2225 718 2264 Nisi
739 2224 851 2263 malis
880 2225 1059 2264 scribere
1079 2219 1234 2274 Ἄλεξις
1261 2223 1307 2264 ἐν
1334 2225 1394 2281 τῷ
1423 2225 1494 2282 Τὸ,
1513 2240 1622 2267 παν.

188 2286 399 2344 αρμόνιον
426 2290 514 2331 κτλ.
573 2293 653 2333 Pro
683 2290 839 2345 τεχνῶν
866 2293 1043 2333 fortasse
1077 2292 1265 2346 Τέχνων,
1298 2297 1411 2337 cuius
1446 2300 1619 2340 nominis

190 2363 417 2414 exemplum
447 2361 643 2402 habemus
673 2363 779 2415 apud
810 2362 1064 2405 Athenaeum
1095 2364 1193 2406 Vlll
1223 2379 1261 2418 p.
1291 2366 1372 2405 344
1389 2379 1423 2407 c.

829 2483 974 2523 LXllI.

297 2564 467 2604 Photius
497 2565 595 2604 Lex.
625 2578 665 2616 p.
694 2565 777 2605 430
806 2568 872 2606 23.
905 2564 952 2604 Π
962 2562 978 2604 ι’
989 2577 1108 2606 σονε
1137 2563 1186 2605 τὸ
1215 2561 1408 2619 ὄσπριον.
1430 2563 1617 2619 ”Αλεξις,

187 2635 443 2675 Hermannus
472 2634 600 2673 πῖσον
629 2635 766 2675 edidit.
830 2636 890 2676 De
926 2648 1113 2677 mensura
1140 2638 1386 2688 penultimae
1413 2639 1618 2680 dubitabat

191 2703 310 2743 etiam
342 2702 552 2743 Passovius
571 2705 664 2744 Lex.
681 2718 739 2756 gr.
771 2718 803 2745 s.
820 2718 855 2744 v.
886 2702 1024 2752 πίσος.
1081 2706 1171 2745 Νοη
1202 2706 1462 2749 dubitandum
1491 2709 1617 2750 fuisse
