1702 3158
540 137 808 182 ΘΕΣΜΟΨ
815 135 986 180 ΟΡΟΣ.
1426 140 1510 182 551

30 258 267 312 scripserim
297 249 542 306 ἀναγωγία.
599 254 798 296 Fortasse
829 257 966 294 autem
997 252 1215 305 singularis
1246 254 1510 306 reponendus

28 324 290 381 ἀναγωγίας,
321 327 407 367 sive
423 325 541 366 malis
566 320 807 379 ἀναγωγίᾳ.
839 325 901 364 De
915 327 1127 376 postremo
1145 335 1279 373 versu,
1298 325 1368 376 qui
1385 325 1507 379 vulgo

10 394 120 458 {sine
151 398 414 439 distinctione
443 395 634 436 scribitur
662 388 704 433 εἰ
727 391 788 447 μὴ
820 388 990 442 ποιήσω
1019 391 1124 445 κτλ.,
1166 394 1231 435 vel
1264 396 1506 448 explicando

0 469 96 523 {gvel
127 468 383 509 emendando
415 467 637 518 desperare
678 466 796 505 video
828 465 1004 505 criticos.
1077 465 1346 507 Leuissimum
1385 467 1504 509 adhi-

10 541 99 594 ssbui
132 544 311 579 mutatae
340 537 682 589 interpunctionis
714 535 932 575 medelam.
991 535 1086 575 Hoc
1117 536 1238 586 dicit,
1269 537 1346 577 nisi
1376 551 1504 591 appo-

9 603 109 666 }sito
149 610 298 650 atticae
338 608 584 660 frugalitatis
628 612 669 647 et
699 606 929 658 elegantiae
961 605 1099 646 edulio
1131 607 1314 648 effecero
1341 613 1386 649 ut
1414 610 1503 649 lau-

9 682 274 735 {tissimarum
314 679 526 732 epularum
570 678 855 726 obliviscatur,
900 676 992 716 cibo
1032 677 1170 729 aliquo
1212 679 1503 720 delicatissimo

8 753 69 807 get
98 756 266 802 praeter
303 750 487 790 ordinem
532 748 645 789 illato
677 742 960 800 (παροψίδι)
1001 747 1181 789 efficiam
1219 754 1265 789 ut
1295 750 1503 790 obdormi-

6 822 132 890 1μῑοαιι,
161 820 187 860 i.
208 833 245 860 e.
277 824 322 860 ut
352 820 504 859 oblivio
535 819 744 859 hominem
777 818 923 870 capiat.
983 818 1067 858 Sed
1098 819 1252 859 haereo
1285 825 1504 872 praeterea

6 891 64 952 {in
94 891 279 930 versibus
309 890 361 929 41
394 895 435 930 et
465 891 535 939 42,
573 902 653 929 nou
686 888 808 928 modo
840 891 1013 940 propter
1045 902 1134 928 eam
1167 901 1347 939 causam,
1380 903 1502 942 quam

6 953 75 1015 {ad
104 973 160 1000 vs.
191 961 243 1000 41
277 960 477 1009 iudicavi,
507 960 580 1000 sed
613 958 735 998 etiam
767 958 938 1006 iccirco,
971 958 1081 1009 quod
1112 971 1193 1000 non
1225 960 1500 1013 inteliegitur,

4 1039 96 1090 {cur
135 1018 435 1071 fastidium⁷ex
472 1031 541 1070 vili
581 1029 774 1070 maritimi
819 1028 979 1068 itineris
1011 1029 1120 1069 victu
1152 1034 1390 1083 susceptum
1421 1031 1502 1072 hoc
1574 1051 1581 1059 -

4 1101 276 1155 ‘potissimum
318 1101 410 1142 loco
454 1106 566 1141 tanta
610 1113 703 1139 eum
747 1100 786 1139 vi
830 1100 1058 1152 ingeratur.
1120 1100 1267 1153 Itaque
1310 1102 1500 1156 suspicor

4 1173 213 1245 sven-suum
242 1172 425 1213 ordinem
455 1172 511 1212 ita
540 1170 838 1211 immutandum
869 1181 984 1210 esse.

245 1238 445 1295 παραθω
472 1253 518 1280 τε
547 1238 724 1280 δεῖπνον
754 1235 854 1291 ὄζον
883 1235 1022 1294 αὔρας
1051 1236 1241 1292 ἆττικῆς.

2 1348 9 1370 ‚
242 1306 283 1352 εἰ
307 1307 383 1365 μή,
414 1306 585 1362 ποιήσω
615 1307 834 1354 νυστάσαι
864 1308 1088 1367 παροψίδι

2 1372 9 1447 ᾗ
242 1379 286 1433 ἐξ
315 1378 494 1430 ἀντλίας
523 1375 685 1431 ἥκοντα
715 1381 791 1422 καὶ
820 1378 999 1435 γέμοντ’
1033 1379 1098 1423 ἔτι

239 1450 513 1508 φορτηγικῶν
541 1466 619 1506 μοι
649 1448 894 1508 βρωμάτων
921 1448 1187 1506 ἀναγωγίας.

18 1522 154 1575 Atque
188 1524 245 1565 ita
282 1524 405 1565 simul
443 1524 721 1578 intellegitur,
762 1526 832 1578 qui
869 1524 1026 1566 factum
1066 1526 1144 1575 sit,
1186 1529 1231 1566 ut
1272 1525 1495 1567 accusativi

0 1583 182 1661 jh'uovtoe
210 1599 252 1635 et
279 1594 467 1647 γέμοντα
496 1597 538 1636 in
570 1597 727 1637 dativos
755 1597 942 1636 conversi
973 1596 1068 1637 sint.
1127 1598 1291 1647 Unum,
1329 1596 1382 1636 de
1411 1609 1493 1650 quo

0 1663 111 1720 {ipse
146 1666 247 1706 mihi
284 1679 366 1707 uon
405 1666 632 1717 satisfacio,
670 1671 734 1708 est
764 1668 934 1708 verbum
966 1661 1206 1719 νυστάσαι,
1245 1668 1356 1720 quod
1394 1680 1494 1709 num

0 1721 133 1788 [recte
160 1738 452 1791 interpretatus
483 1739 559 1778 sim
589 1738 824 1780 subdubito.
898 1739 987 1781 Nec
1018 1739 1071 1780 de
1101 1733 1329 1792 ἀναγωγία
1359 1739 1492 1782 omnis

0 1803 119 1857 mihi
148 1809 305 1851 sublata
334 1813 398 1851 est
428 1808 640 1849 dubitatio.

478 2023 1042 2068 ΟΜΩΝΥΜΟΙ.

734 2142 765 2182 1.

173 2224 286 2283 ’Ἄγε
320 2226 374 2280 δὴ
403 2226 598 2287 Δρόμων,
628 2228 708 2272 νῦν
737 2228 781 2270 εἴ
804 2242 846 2271 τι
875 2226 1054 2284 κομψὸν
1083 2223 1111 2279 ἢ
1141 2225 1284 2284 σοφόν

181 2308 213 2364 ’ἢ
242 2313 469 2371 γλαφυρὸν
497 2306 642 2358 οἶσθα
671 2314 758 2356 τῶν
787 2313 975 2356 σεαυτοῦ
1005 2309 1289 2370 πραγμάτων,

180 2399 373 2456 φανερὸν
402 2398 590 2452 ποίησον
617 2399 747 2442 τοῦτο
778 2399 837 2458 τῷ
866 2396 1134 2456 διδασκάλῳ.

181 2482 260 2524 νῦν
287 2483 368 2537 τὴν
396 2481 620 2538 ἀπόδειξιν
648 2485 724 2538 τῆς
753 2485 902 2541 τέχνης
930 2480 1039 2526 αἰτῶ
1070 2482 1117 2527 σ’
1152 2481 1246 2538 ἐγώ.

131 2567 158 2609 5
184 2562 241 2618 εἷς
270 2568 483 2626 πολεμίαν
512 2567 603 2626 ἐίγω
634 2585 703 2614 σε·
735 2570 922 2626 θαρρῶν
951 2567 1204 2626 κατάτρεχε·

189 2649 368 2711 ἀριθμῷ
396 2653 572 2698 διδόασι
602 2655 657 2698 τὰ
685 2657 788 2712 κρέα
818 2656 892 2697 καὶ
922 2652 1106 2711 τηροῦσί
1136 2668 1197 2697 σε.

178 2735 347 2792 ’τακερὰ
377 2738 560 2791 ποιήσας
591 2740 731 2783 ταῦτα
761 2742 834 2783 καὶ
866 2740 988 2792 ζέσας
1020 2737 1210 2795 σφόδρα,
