1702 3158
211 287 293 330 dict
321 286 493 341 epistoia
523 282 617 338 περὶ
647 278 729 322 τσῦ
755 277 1049 333 κωθωνισμοῦ
1078 281 1212 321 locum
1243 270 1444 334 apposuit,
1475 280 1525 320 ad
1545 292 1685 333 quem

210 357 380 410 respicit
410 359 542 408 poeta
584 354 766 393 incertus
804 350 1006 392 Athenaei
1037 352 1075 391 11
1106 364 1145 404 p.
1176 351 1229 389 36
1246 363 1290 390 a:
1328 345 1375 389 Ὁ
1406 346 1678 399 Μνησίθεος

214 420 264 465 δ’
297 421 381 479 ἔφη
409 421 486 464 τὸν
514 413 636 462 οἶνον
664 415 764 466 τούς
791 418 925 467 θεοὺς
953 418 1166 473 Ιθνητοῖς
1192 417 1444 469 καταδεῖξαι
1470 419 1560 466 τοῖς
1587 419 1701 472 μὲντ,

213 491 364 549 ὀρθῶς
387 491 622 546 χρωμένοις
649 489 655 543 1
677 485 858 542 ἀγαθὸν
886 487 1091 542 μέγιστον
1119 487 1207 529 κτλ.
1235 502 1336 541 quos
1357 502 1497 530 versus
1526 501 1665 541 quam-

214 577 335 617 quam
374 562 484 602 haud
523 560 778 614 improbabili
819 560 1053 600 coniectura
1089 559 1249 600 Alexidi
1286 560 1426 599 tribuit
1461 559 1664 611 Schweig-

213 634 453 681 hammus,
484 644 562 684 ego
590 635 725 670 tamen
755 630 866 669 inter
895 641 1187 682 anonymorum
1210 632 1421 680 poetarum
1439 627 1666 680 fragmenta

215 702 411 742 exhibere
440 700 565 740 satius
595 699 704 739 duxi.
762 699 983 738 Mnesithei
1011 699 1245 750 sepulcrum
1275 698 1326 737 ad
1356 697 1523 750 Cephisi
1554 710 1664 737 oram

214 771 421 812 conditum
452 770 742 810 commemorat
772 767 991 808 Pausanias
1021 769 1104 807 Att.
1142 767 1338 808 xxxvl!
1366 767 1414 807 3:
1452 761 1591 819 τάφος
1621 764 1667 805 δέ

214 838 334 880 ἐστιν
372 835 540 878 αὐτόθι
578 860 628 868 ·-—
668 834 951 885 Μνησιθέου.
1006 833 1163 875 τοῦτον
1199 833 1398 887 λέγουσιν
1433 829 1585 888 ἰατρόν
1621 847 1667 874 τε

214 903 398 961 ἀγαθὸν
426 905 638 960 γενέσθαι
685 904 761 944 καὶ
787 901 1028 945 ἀναθεῖναι
1062 899 1318 957 ἀγάλματα,
1354 901 1400 942 ἐν
1435 896 1500 952 οἷς
1539 903 1613 944 καὶ
1642 900 1666 944 ὁ

207 973 382 1029 Ἴακχος
410 971 657 1024 πεποίηται.
717 976 848 1026 Quem
879 974 1012 1015 Rufus
1041 975 1110 1014 lib.
1142 974 1159 1013 l
1189 987 1228 1026 p.
1257 974 1312 1013 44
1342 974 1391 1013 ad
1423 978 1559 1026 partes
1591 970 1688 1015 vo?

215 1051 279 1087 cat
294 1046 570 1087 Mnesitheum
599 1042 816 1092 medicum,
844 1044 1045 1083 incertum
1075 1046 1136 1082 est
1166 1046 1358 1082 nosterne
1380 1043 1433 1082 sit
1459 1056 1510 1084 an
1544 1045 1664 1096 Cyzi-

216 1128 358 1165 cenus,
384 1127 507 1167 quem
535 1112 661 1153 habes
691 1113 798 1165 apud
830 1113 1058 1154 Oribasium
1089 1110 1193 1151 Con.
1229 1111 1284 1151 1V
1314 1111 1354 1150 4.
1412 1112 1531 1163 Apud
1559 1113 1690 1161 Pho-4

215 1186 317 1225 tium
354 1188 491 1224 autem
526 1197 566 1236 p.
605 1184 689 1222 206
727 1183 802 1223 21:
843 1177 1017 1234 Λάμιος
1057 1173 1250 1220 ἐκαλεῖτό
1290 1191 1355 1225 τις
1396 1174 1667 1229 Ἀθήνησιν.

217 1246 330 1294 οὕτω
377 1251 452 1292 καὶ
498 1250 785 1301 Μνησίθεος,
835 1264 969 1304 neque
1010 1251 1193 1291 medicus
1236 1249 1494 1290 Mnesitheus
1536 1262 1669 1302 neque

218 1323 384 1365 omnino
423 1323 600 1375 scriptor
639 1321 703 1362 vel
743 1326 865 1374 poeta
904 1321 1113 1369 laudatur,
1157 1318 1230 1359 sed
1269 1319 1366 1358 civis
1405 1319 1542 1360 neseio
1580 1321 1669 1372 quis

217 1393 495 1442 Atheniensis,
526 1392 591 1432 cui
621 1391 820 1431 incertum
852 1404 970 1443 quam
1001 1392 1052 1431 ob
1082 1401 1243 1430 causam
1275 1388 1401 1427 Lamii
1431 1401 1578 1429 nomen
1606 1391 1686 1430 in-

219 1462 351 1502 ditum
381 1465 481 1502 erat.
542 1461 590 1502 V.
622 1461 872 1513 Hesychium
902 1473 939 1501 v.
955 1455 1139 1512 Λάμιος,
1167 1458 1237 1498 ubi
1265 1456 1389 1497 homo
1419 1457 1667 1500 Gnesitheus

220 1535 402 1572 vocatur.

209 175 293 218 482
375 155 381 157 ’
817 168 1074 211 Anexlms

581 1665 1308 1722 EQPAKOL‘)

491 1789 736 1841 Φείδιππος
765 1788 903 1846 ἕτερός
933 1803 996 1838 τις
1026 1787 1255 1843 ταριχηγὸς
1283 1787 1412 1840 ξένος.

331 1882 569 1924 Athenaeus
599 1882 658 1922 111
689 1895 730 1934 p.
763 1882 845 1920 120
860 1881 908 1920 b:
951 1873 1201 1919 Φειδίππου
1228 1877 1300 1930 δέ,
1328 1878 1403 1919 καὶ
1430 1875 1513 1932 γὰρ
1543 1870 1668 1927 οὗτος

218 1946 531 2004 ταριχοπώλης,
554 1942 729 1999 ”.Αλεξις
759 1951 836 2000 (sc.
858 1942 1138 2003 μνημονεύει)
1166 1945 1212 1987 ἐν
1235 1943 1448 2003 Ἱππίσκῳ
1476 1943 1557 1987 κᾶν
1570 1948 1666 1989 Σω-

217 2015 364 2074 ράκοις
397 2016 642 2067 Φείδιππος
671 2016 760 2062 κτλ.

553 2179 1217 2225 ΣΥΡΑΚΟΣΙΟΣ.
1277 2185 1338 2234 M⁴)

1002 2293 1104 2342 Τοῖς
1132 2291 1215 2350 γὰρ
1242 2292 1387 2341 κακοῖς

389 2377 489 2427 τοὺς
519 2377 578 2433 μὴ
607 2376 876 2433 μαχομένους
904 2376 1048 2434 ῥᾷστα
1072 2376 1316 2434 χρωμένους
1344 2372 1442 2431 ὁρῶ.

325 2462 526 2504 Stobaeus
571 2464 711 2505 Floril.
742 2463 875 2506 GVH!
915 2463 968 2503 47
1007 2475 1100 2504 eum
1139 2462 1328 2502 lemmate
1362 2454 1579 2510 ’Λλέξιόις
1617 2458 1660 2500 ἐκ

214 2527 530 2583 Συρακουσίου.

304 2676 336 2719 ‘)
360 2677 402 2710 V.
426 2676 516 2709 Hist.
542 2676 617 2709 crit.
641 2684 673 2719 p.
697 2675 778 2709 402.
980 2675 1030 2718 *‘)
1056 2675 1095 2711 V.
1119 2674 1206 2709 Hist.
1232 2674 1307 2710 crit.
1333 2687 1367 2719 p.
1391 2674 1470 2708 402.

785 2737 1046 2746 ————
