1702 3158
467 576 1368 635 ARISTOPHON.

634 681 763 729 (nist.
794 682 883 722 erit.
914 692 954 733 μ
984 681 1066 720 410
1095 682 1203 732 sqq.)

614 875 1240 928 ΒΑΒΙΑΣ.*)

417 986 575 1043 Σαφὴς
604 984 627 1028 ὁ
654 982 813 1040 χειμών
841 985 959 1026 ἐστι·
989 984 1065 1036 τῆς
1094 982 1241 1032 πενίας
1270 980 1420 1038 λύχνος

417 1065 594 1110 ἅπαντα
623 1068 772 1124 φαίνει
800 1067 854 1109 τὰ
884 1066 993 1109 κακὰ
1021 1069 1094 1108 καὶ
1122 1066 1177 1107 τὰ
1205 1066 1402 1121 δυσχερῆ.

307 1172 506 1212 Stobaeus
535 1172 675 1213 Floril.
703 1171 836 1212 XCVI
866 1172 919 1210 19
955 1170 997 1210 in
1026 1169 1144 1209 titulo
1175 1169 1227 1208 de
1255 1171 1515 1221 paupertate,
1551 1180 1642 1208 cum

199 1240 388 1281 lemmate
412 1236 768 1295 Ἀριστοφῶντος
796 1237 983 1291 Βαβίου.
1042 1241 1110 1281 Vs.
1141 1240 1164 1278 1
1197 1243 1290 1278 ante
1319 1237 1505 1278 Grotium
1533 1237 1645 1289 lege-

198 1309 317 1350 batur
347 1307 495 1358 πενίας
535 1306 558 1350 ὁ
587 1305 750 1364 λύχνος.
821 1310 1074 1351 Gaisfordius
1119 1309 1304 1356 coniicit,
1343 1303 1366 1346 ὁ
1394 1304 1468 1355 τῆς
1498 1302 1646 1352 πενίας

198 1371 363 1431 λύχνος.
441 1381 524 1420 Sed
568 1382 663 1432 quid
711 1381 763 1420 sit
804 1380 1071 1433 paupertatis
1100 1377 1268 1418 lucerna
1309 1389 1390 1416 non
1435 1376 1644 1429 intellego.

199 1448 436 1498 Sententia,
474 1450 641 1501 opinor,
680 1450 782 1490 haec
821 1454 905 1489 est:
954 1453 1110 1488 certum
1148 1452 1211 1487 est
1248 1459 1444 1500 magnum
1478 1445 1649 1499 aliquod

201 1519 479 1569 infortunium
520 1520 705 1568 instare‚·
739 1519 906 1559 lucerna
941 1519 1051 1557 enim
1080 1518 1218 1556 omnia
1239 1517 1508 1569 paupertatis
1534 1515 1647 1555 mala

194 1589 426 1640 portendit.
486 1588 696 1628 Lucernae
724 1587 841 1642 fungi
869 1589 1152 1640 tempestatem
1172 1585 1418 1638 portendere
1446 1585 1647 1625 existima-

201 1657 360 1696 bantur.
429 1656 478 1697 V.
510 1657 666 1697 Seneca
705 1659 870 1709 Quaest.
908 1657 999 1696 Nat.
1029 1656 1106 1696 Vll
1136 1655 1205 1695 28.
1262 1654 1401 1694 Schol.
1438 1654 1644 1706 Aristoph-

200 1724 422 1778 Vesp.251
456 1729 497 1765 et
525 1728 639 1767 Arati
656 1727 765 1767 Dios.
780 1727 875 1766 976.
933 1725 1022 1766 Nisi
1050 1724 1159 1764 forte
1188 1723 1446 1764 scribendum
1475 1747 1529 1755 —
1553 1736 1646 1776 χει-

116 1812 123 1821 ·
201 1789 295 1845 μών
323 1792 463 1833 ἐστιν·
492 1790 519 1843 ἡ
549 1791 675 1834 πενία
705 1790 853 1846 λύχνος
882 1791 971 1834 κτλ.
999 1798 1044 1833 ut
1060 1798 1276 1846 paupertas
1304 1794 1494 1833 lucernae
1521 1793 1648 1834 instar

203 1864 337 1903 omnia
364 1863 469 1903 mala
497 1863 758 1904 manifestare
786 1863 953 1904 dicatur.
1012 1862 1086 1904 Cfr
1113 1862 1354 1914 Antiphanis
1383 1862 1512 1902 Nean.
1542 1863 1595 1904 11.

537 2037 634 2078 AIA
642 2034 796 2078 YM01
826 2037 879 2079 H
906 2037 955 2078 Π
964 2034 1082 2079 ΥΡΑ
1092 2033 1258 2077 ΥΛΟΣ.
1306 2037 1368 2087 **)

657 2144 844 2189 ’Ἔπειθ’
876 2144 1040 2198 ἡπάτια
1072 2147 1147 2189 καὶ
1174 2143 1327 2198 νῆστίν
1353 2157 1451 2186 τινα

394 2231 682 2287 προσέθηκεν,
710 2223 846 2287 οἶμαι,
876 2230 1158 2286 πεντέχαλκον
1186 2226 1459 2286 προσλαβών.

313 2334 457 2374 Pollux
488 2335 545 2374 lx
573 2335 656 2374 71:
692 2332 766 2372 καὶ
795 2331 1078 2386 πεντὲχαλκον
1113 2331 1160 2372 δὲ
1186 2329 1284 2380 τοὺς
1312 2330 1435 2371 πέντε
1458 2327 1643 2382 χαλκοῦς

200 2397 536 2455 ὠνομασμένους
575 2396 752 2456 εὕρομεν
793 2401 838 2441 ἐν
875 2404 964 2451 τοῖς
999 2399 1353 2457 Ἀριστοφῶντος
1381 2395 1587 2452 Διδύμοις
1614 2395 1644 2449 ἢ

201 2467 421 2525 Πυραύλῳ
441 2467 631 2510 ’Ἔπειθ’
662 2467 827 2521 ἡπάτια
854 2471 943 2515 κτλ.
1001 2474 1135 2526 Vulgo
1165 2464 1406 2521 συλλαβών.
1452 2470 1542 2511 Duo
1570 2481 1638 2509 co-

203 2540 315 2580 dices
345 2535 619 2593 προσλαβών.

292 2681 322 2722 ’)
346 2682 384 2716 V.
410 2682 499 2717 Hist.
524 2684 598 2718 crit.
621 2695 654 2727 p,
678 2683 757 2718 410.
950 2682 1000 2724 *Ἴ
1025 2683 1062 2715 V.
1086 2682 1173 2717 nist.
1200 2682 1273 2717 crit.
1300 2693 1334 2725 p.
1358 2681 1438 2716 410.
