1702 3158
479 136 566 179 NE
569 135 605 179 Ο
613 136 718 180 ΤΤΙ
722 137 775 181 Σ.
834 133 912 183 ΞΟ
922 136 997 180 ΥΘ
1005 135 1094 181 ΟΣ.
1437 141 1523 185 2³9

455 330 1090 374 ΝΕΟΤΤΙΣ.

270 454 405 498 ,Μισῶ
435 452 642 497 κάκιστον
671 453 979 512 γραμματικὸν
1008 451 1174 511 ἔκπωμ’
1204 451 1290 508 ἀεί,

256 538 377 597 ἀτὰρ
405 538 463 591 ὠς
492 535 649 596 ὅμοιον
679 537 815 596 οὑμὸς
844 539 939 591 υἱὸς
970 536 1102 599 ᾤχετο

268 623 377 681 ἔχων
406 626 614 683 φιάλιον·
646 626 706 684 τῷ
735 624 782 667 δὲ
810 623 952 668 πολλὰ
980 622 1177 681 γίγνεται

264 705 413 766 ὅμοια.

155 824 397 868 Athenaeus
427 827 486 868 xl
517 842 557 881 p.
589 828 673 868 467
688 840 733 867 c:
773 819 1036 880 μνημονεύει
1074 823 1122 865 δὲ
1160 822 1242 865 τοῦ
1268 839 1519 880 γραμματι-

41 891 120 934 κοῦ
147 892 400 950 ἐκπώματος
428 895 487 946 ώς
516 891 654 946 οὕτως
683 894 956 949 καλουμένου
984 891 1212 949 Εὔβουλος
1240 894 1287 936 ἐν
1310 894 1520 938 Νεοττίδι

41 957 177 1014 οὕτως
215 966 352 1007 Muta?
388 967 481 1010 κτλ.
552 970 624 1011 Vs.
655 969 678 1008 1
722 968 993 1021 probabiliter
1031 969 1242 1009 Dobraeus
1271 969 1444 1010 Advers.
1475 969 1518 1010 11

41 1050 81 1090 p.
112 1038 197 1078 330
224 1040 394 1094 corrigit
422 1034 607 1080 κάκιστα
639 1039 705 1079 cll.
739 1039 950 1092 Aristoph.
982 1040 1088 1080 Rau.
1120 1039 1246 1080 1504.
1314 1040 1424 1080 Tum
1453 1041 1516 1082 le-

41 1108 216 1160 gebatur
245 1104 414 1163 ἔκπομα
446 1111 504 1161 (A
534 1106 735 1163 ἔκπωμα)
765 1103 834 1148 εἶα
864 1105 907 1148 τ’
937 1103 1010 1163 αρ’
1042 1105 1116 1157 ὠς.
1155 1111 1346 1150 Correxit
1363 1111 1516 1152 Porso-

42 1191 135 1219 nus.
222 1181 446 1222 Praeterea
496 1182 711 1222 Dobraeus
769 1175 881 1234 ἀτὰρ
925 1177 959 1218 ὡ
1001 1175 1045 1231 γ’
1095 1172 1270 1234 ὅμοιον,
1317 1181 1517 1234 supplens

41 1246 156 1302 φιλῶ
192 1251 258 1290 vel
302 1247 390 1298 δός.
458 1254 519 1293 De
549 1252 710 1306 poculis
740 1252 933 1292 litteratis
962 1252 1131 1305 copiose
1160 1251 1354 1292 disseruit
1383 1252 1515 1293 Athe-

41 1332 184 1361 naeus.
242 1322 543 1376 Aristophanes
572 1324 739 1376 Fragm.
769 1322 878 1362 521:
911 1318 1121 1374 γίγνωσκε
1152 1320 1231 1362 τὸν
1260 1316 1440 1361 ἀλεισόν
1468 1335 1514 1361 τε

41 1389 116 1430 καὶ
141 1387 195 1431 τὰ
224 1387 480 1447 γράμματα.
512 1393 667 1447 Eubuli
687 1393 823 1434 locum
846 1395 981 1448 attigit
995 1394 1240 1436 Eustathius
1255 1408 1295 1448 p.
1314 1395 1424 1435 1960
1445 1394 1512 1436 13.

505 1632 1044 1681 ΞΟΥΘΟΣ.

151 1750 383 1793 Scholiasta
413 1752 624 1806 Euripidis
653 1753 769 1794 Med.
800 1755 905 1793 610:
946 1747 1173 1806 σύμβολα]
1211 1752 1255 1793 οἱ
1295 1751 1515 1806 ἐπιξενού-

40 1818 164 1876 μενοί
202 1834 320 1862 τισιν
357 1816 640 1876 ἀστράγαλον
675 1822 1022 1877 κατατέμνοντες
1049 1822 1247 1879 θάτερον
1275 1827 1357 1878 μὲν
1385 1824 1513 1868 αὐτοὶ

39 1894 236 1948 κατεῖχον
272 1893 403 1949 μέρος
441 1890 638 1949 θάτερον
676 1893 722 1934 δὲ
761 1892 1088 1949 κατελίμπανον
1128 1896 1216 1944 τοῖς
1245 1892 1512 1952 ὑποδεξαμέ-

41 1977 130 2014 νοις
148 1953 240 2014 iva,
267 1960 308 2004 εἰ
335 1963 425 2005 δέοι
453 1962 586 2006 πάλιν
615 1962 774 2015 αὐτοὺς
803 1962 832 2017 ἢ
861 1965 963 2015 τοὺς
991 1962 1164 2007 ἐκείνων
1193 1965 1514 2019 ἐπιξενοῦσθαι

42 2033 147 2092 πρὸς
188 2031 429 2088 ἀλλήλους,
471 2035 736 2091 ἐπαγόμενοι
782 2036 832 2078 τὸ
876 2031 1014 2092 ἥμισυ
1058 2034 1355 2093 ἀστραγάλων
1398 2036 1512 2081 ἁνα-

43 2108 205 2148 νεοῖντο
234 2104 315 2157 τὴν
345 2105 514 2158 ξενίαν·
544 2104 772 2162 Εὔβουλος
788 2104 952 2150 Ξούθω
975 2106 1030 2150 Τι’
1060 2105 1302 2151 ποτ’ἐστὶν
1331 2104 1511 2153 ἅπαντα

44 2176 389 2233 διαπεπρισμένα
419 2175 624 2234 ἡμίσεως,
655 2175 845 2235 ἀκριβῶς
876 2193 956 2235 περ
985 2175 1044 2229 εἰς
1075 2177 1129 2220 τὰ
1159 2178 1379 2236 σύμβολα.
1438 2177 1513 2224 οὕ-

41 2261 124 2327 τως
146 2245 390 2299 Ἑλλάδιος.
449 2252 719 2305 „Legeudum
749 2253 937 2292 videtur:

260 2318 306 2361 τί
332 2317 435 2362 ποτ’
470 2321 592 2363 ἐστιν
649 2325 693 2345 *·
727 2314 906 2361 ἅπαντα
939 2320 1306 2376 ὅιαπεπρισμένα

260 2386 411 2446 ἡμίσε’
445 2389 632 2445 ἀκριβῶς
660 2389 847 2448 ὡσπερεὶ
877 2390 931 2432 τὰ
962 2389 1181 2446 σύμβολα.

41 2461 188 2514 Agitur
215 2461 268 2504 de
297 2466 421 2505 rebus
453 2465 695 2517 quibusdam
726 2465 1034 2506 accuratissime
1073 2465 1115 2504 in
1146 2465 1250 2505 duas
1279 2470 1417 2518 partes
1447 2468 1510 2509 di-

42 2531 152 2572 visis.
210 2532 314 2573 lllud
345 2540 481 2575 autem
514 2536 681 2575 dubium
713 2541 798 2586 est,
837 2531 1041 2588 σύμβολα
1068 2537 1255 2576 Eubulus
1287 2543 1424 2579 utrum
1455 2540 1508 2580 de

43 2600 235 2652 hospitali
261 2616 312 2644 au
342 2607 567 2646 nummaria
597 2612 755 2646 tessera
783 2607 958 2660 intelligi
990 2607 1179 2647 voluerit.
1208 2608 1367 2648 Eadem
1398 2611 1507 2650 enim

46 2669 257 2721 utriusque
285 2679 372 2713 erat
399 2677 518 2724 ratio,
549 2677 725 2717 docente
756 2677 928 2718 Polluce
959 2678 1017 2718 lx
1046 2677 1142 2718 71.’'
1207 2678 1325 2718 Haec
1360 2681 1507 2732 scripsi

43 2739 140 2781 olim
179 2740 427 2795 Programm.
465 2746 595 2788 schol.
627 2748 752 2790 1811.
818 2749 999 2790 Easdem
1037 2749 1315 2790 correctiones
1354 2751 1507 2791 Eubuli
