1702 3158
201 164 285 206 3³52
779 157 1076 201 EPIGRATIS

203 274 273 316 Vs.
304 274 354 312 11
388 272 620 313 Dindorfiua
645 265 960 322 Ἀκαδημείας.
1000 293 1051 300 --
1085 267 1153 309 Vs.
1185 269 1237 308 18
1268 271 1310 308 et
1340 269 1392 308 19
1421 270 1470 311 ab
1499 270 1650 321 impor-

204 342 312 383 tunis
342 342 573 382 criticorum
603 340 848 379 coniecturis
871 339 1087 379 vindicavit
1116 338 1366 379 Erfurdtius.
1411 362 1463 369 —
1500 339 1569 379 Vs.
1600 338 1655 377 2⁰

206 412 446 452 Eustathius
485 410 534 448 ad
566 408 642 448 Od.
673 422 714 460 p.
743 409 825 448 864
863 409 939 447 31:
977 404 1021 446 οἱ
1058 401 1259 454 ἀναυδεῖς
1296 401 1416 459 παρά
1455 417 1539 445 τινι
1576 419 1655 444 κω-

205 478 334 535 μῳδῷ
370 470 486 517 οἷον
530 472 751 530 πρώτιστα
793 478 872 530 μὲν
911 471 1066 523 πάντες
1102 472 1304 523 ἀναυδεῖς
1343 470 1438 515 τότ’
1479 473 1685 523 ἐπέστη·,

207 560 305 589 σαν.
372 547 616 586 Particulam
654 535 732 585 οὗν
769 547 917 587 adiecit
959 548 988 587 1.
1026 546 1220 599 Scaliger.
1294 547 1485 585 Fortasse
1522 550 1656 586 tamen

206 612 447 670 πρώτιστον
476 617 709 667 legendum.
749 641 803 648 ——-
832 617 902 658 Vs.
931 616 985 655 23
1014 603 1113 669 κᾷτ’
1144 610 1351 667 ἐξαίφνης
1381 615 1586 654 Porsonus
1617 618 1659 653 et

208 685 444 727 Erfurdtius
475 698 547 736 pro
564 681 826 738 ,κάξαίφνης
886 704 940 716 --—
998 685 1069 726 Vs.
1100 686 1152 723 29
1182 680 1423 738 κατέπαρδ’
1453 684 1659 736 Schweig-

208 756 433 795 haeuserus
465 758 506 792 et
538 754 756 794 Porsonue.
790 754 922 806 Vulgo
953 750 1242 806 κατεπέρδετ’.
1290 779 1344 786 ——
1391 754 1462 794 Vs.
1492 753 1659 792 30—34

209 825 327 865 alteri
356 824 635 863 interlocutori
666 824 903 863 tribuendos
944 836 1034 863 esse
1063 824 1162 862 vidit
1191 825 1354 863 Coraes.
1403 847 1458 854 —-
1505 823 1575 863 Vs.
1604 822 1658 861 32

209 888 392 934 τοιαυτί.
451 892 510 930 lta
548 892 691 943 scripsi
727 904 802 944 pro
844 888 1040 931 τοιαῦτα.
1098 893 1147 933 V.
1178 891 1227 930 ad
1257 891 1474 931 Menandri
1512 890 1657 943 fragm.

209 977 249 1016 p.
280 962 348 1001 34.
378 986 431 992 —
461 960 530 1000 Vs.
560 960 613 998 33
643 954 826 1011 ἀπρεπὲς
856 960 1130 1000 Gasaubonus.
1169 961 1282 1000 Libri
1311 956 1524 1014 εὐπρεπές.
1558 961 1656 1000 Din-

211 1031 364 1071 dorliue
413 1028 652 1068 coniiciebat
696 1026 833 1066 ποιεῖν
877 1023 961 1070 οὐκ
993 1024 1194 1080 εὐπρεπές
1231 1027 1371 1078 ἐστιν,
1417 1031 1483 1069 vel
1521 1028 1659 1068 ποιεῖν

212 1097 301 1146 πῶς
342 1094 546 1148 εὐπρεπές
584 1095 722 1147 ἐστινς
760 1096 997 1137 Erfurdtius
1037 1103 1174 1138 autem
1211 1094 1261 1136 τὸ
1301 1094 1381 1151 γὰρ
1419 1095 1464 1136 ἐν
1491 1096 1661 1149 λέσχαις

212 1165 406 1208 τοιαῖσδε
440 1161 610 1205 τοιαῦτ’
643 1162 825 1219 ἀπρεπὲς
856 1165 1020 1216 ποιεῖν,
1051 1167 1117 1206 vel
1147 1163 1338 1206 τοιαῖσδε
1366 1165 1505 1205 ποιεῖν
1531 1161 1662 1220 ἀπρε-

212 1238 286 1284 πὲς
315 1231 501 1283 τοιαῦτ’,
540 1236 607 1275 vel
646 1236 823 1287 denique
861 1230 1054 1274 τοιαῖσδ’
1087 1230 1270 1287 ἀπρεπὲς
1300 1232 1483 1275 τοιαῦτα
1511 1234 1661 1276 ποιεῖν.

213 1307 297 1349 Sed
326 1306 461 1346 brevis
491 1306 648 1357 syllaba
685 1306 727 1345 in
756 1306 840 1345 fine
869 1317 1012 1345 versus
1041 1307 1286 1358 anapaestici
1324 1306 1511 1345 idoneam
1541 1306 1663 1346 habet

214 1376 514 1417 exeusationem
559 1387 582 1414 a
628 1375 851 1414 mutatione
894 1386 1172 1425 personarum.
1243 1374 1317 1415 cn·
1359 1374 1568 1415 Seidlerus
1612 1376 1664 1415 de

213 1446 331 1487 vers.
363 1444 522 1483 dochm.
554 1456 594 1495 p.
609 1444 678 1484 80.
708 1467 761 1474 —
800 1444 870 1485 Vs.
899 1444 953 1483 37
982 1448 1095 1483 recte
1123 1444 1329 1484 Porsonus
1359 1447 1400 1483 et
1430 1444 1664 1485 Dindorfius

217 1514 448 1556 coniecisse
492 1512 682 1565 videntur
724 1506 856 1551 πάλιν
893 1509 936 1561 ἐξ
965 1506 1108 1565 ἀρχῆς.
1182 1513 1401 1553 Praeterea
1430 1515 1664 1554 cucurbitae

216 1582 642 1625 commemorationem
673 1581 876 1622 desidero.
922 1582 1064 1634 Itaque
1094 1585 1204 1622 totus
1232 1594 1372 1622 versus
1400 1583 1456 1623 ita
1484 1584 1664 1626 scriben-

216 1655 291 1696 dus
321 1665 411 1693 esse
441 1651 627 1692 videtur:
660 1645 792 1690 πάλιν
819 1648 864 1700 ἐξ
892 1645 1023 1704 ἀρχῆς
1052 1647 1132 1700 τὴν
1158 1645 1419 1700 κολοκύντην
1446 1650 1534 1693 κτλ.

844 1804 846 1810 Α
924 1762 975 1802 Π.

659 1845 922 1901 Κατάβαλλε
952 1844 1149 1898 τάκάτια,
1177 1848 1250 1887 καὶ
1277 1846 1446 1891 κυλίκια

436 1929 562 1985 αἴρου
592 1927 646 1970 τὰ
672 1927 811 1984 μείζω,
840 1927 981 1973 κεύθὺ
1007 1929 1086 1971 τοῦ
1114 1928 1350 1986 καρχησίου

438 2010 584 2054 ἄνελκε
613 2011 694 2064 τὴν
721 2013 870 2070 γραῦν,
901 2011 981 2065 τὴν
1011 2013 1113 2055 νέαν
1140 2011 1182 2054 τ’
1214 2011 1445 2070 ἐπουρίσας

442 2094 686 2152 πλήρωσον,
716 2095 898 2153 εὐτρεπῆ
927 2111 971 2139 τε
1000 2095 1076 2138 τὸν
1104 2096 1258 2138 κοντὸν
1287 2095 1428 2150 ποιοῦ,

443 2181 516 2221 καὶ
545 2178 646 2230 τοὺς
674 2179 812 2231 κάλως
841 2179 959 2223 ἔκλυε
987 2180 1062 2222 καὶ
1084 2178 1199 2235 χάλα
1229 2176 1360 2223 πόδα.

334 2283 573 2324 Athenaeus
602 2282 661 2322 xl
690 2296 731 2335 p.
759 2282 843 2323 782
859 2282 899 2322 f:
929 2277 1088 2329 ἄκατος
1116 2278 1324 2337 ποτήριον
1354 2277 1490 2328 ἐοικὸς
1518 2276 1666 2337 πλοίῳ.

216 2344 478 2403 Ἐπικράτης
507 2344 772 2402 Κατάβαλλε
801 2349 890 2390 κτλ.
957 2352 1149 2393 Facetam
1186 2353 1228 2393 in
1258 2353 1320 2392 his
1349 2353 1483 2392 inesse
1511 2352 1664 2403 amphi-

221 2420 386 2469 boliam‚'
415 2421 622 2461 vocabulis
649 2421 822 2462 nauticis
851 2420 902 2460 ad
930 2433 996 2461 ree
1025 2422 1148 2474 longe
1176 2422 1354 2461 diversas
1381 2421 1664 2473 significandas

221 2488 427 2539 adhibitis,
456 2490 645 2530 viderunt
660 2490 937 2532 Villebrunius
967 2494 1010 2530 et
1038 2490 1244 2530 Iacobsius
1272 2490 1406 2530 Anim.
1437 2491 1486 2529 ad
1515 2490 1664 2530 Athen.

219 2569 261 2609 p.
290 2557 386 2598 249.
446 2560 512 2599 Vs.
545 2560 564 2598 l
599 2557 672 2597 καὶ
701 2559 931 2599 addendum
962 2572 1053 2599 esse
1082 2559 1182 2599 vidit
1211 2559 1430 2599 lacobsius.
1476 2559 1559 2599 Pro
1587 2570 1665 2597 κυ-

219 2621 337 2664 λίκια
367 2626 503 2667 malim
532 2624 711 2680 κυμβία.
768 2629 812 2668 Si
841 2628 938 2680 quid
967 2628 1074 2668 enim
1104 2628 1237 2677 video,
1265 2628 1487 2679 requiritur
1515 2640 1664 2668 nomen

217 2694 327 2748 quod
355 2699 397 2736 et
424 2697 616 2750 poculum
647 2701 689 2739 et
718 2698 921 2750 navigium
949 2697 1163 2750 significat.
1193 2697 1270 2740 Vix
1294 2693 1662 2739 differuntKYM-
