1702 3158
204 152 286 194 264
541 205 550 209 α
824 146 1035 188 sunum

313 262 545 303 Athenaeus
577 260 591 300 Ι
618 274 657 312 p.
686 257 801 298 23d=
833 251 1053 307 Εὔβουλος
1081 245 1225 295 Σίκων
1250 252 1328 307 ἐγώ
1359 252 1449 296 κτλ.
1495 257 1649 298 Seeun-

207 329 302 370 dum
319 342 478 370 versum
509 342 600 369 cum
629 326 793 366 dimidia
821 330 937 377 parte
966 326 1076 365 tertii
1105 326 1225 365 affert
1246 324 1481 365 Eustathlus
1498 327 1650 377 p.890,

207 398 277 438 5⁰.
348 399 418 439 Vs.
451 399 468 436 l
512 394 658 436 Σίκων
695 394 842 434 servile
872 407 1017 433 nomen
1049 397 1112 433 est
1140 393 1246 446 apud
1275 393 1526 445 So'sipatrum
1561 393 1652 432 Ka-

206 463 392 516 ταψευδ.
423 479 479 506 νε.
512 466 578 514 14,
617 463 964 504 Pseudo-Alexin
996 463 1165 503 Asotod.
1194 475 1252 502 vs.
1283 463 1309 501 4
1348 468 1389 502 et
1417 463 1653 515 Aristopha-

208 548 303 575 nem
332 537 372 575 in
402 535 623 587 composito
654 526 937 571 Αιόλοσίκων.
1009 533 1061 572 At
1097 531 1175 571 fuit
1204 532 1323 571 etiam
1351 532 1567 571 atticorum
1596 532 1653 572 ci-

207 604 322 643 vium
353 616 523 652 nomen,
557 607 603 642 ut
642 602 762 642 docet
799 601 940 640 titulus
983 601 1090 653 apud
1119 600 1299 640 Boeckh.
1330 601 1452 653 Corp.
1483 601 1606 641 Insor.
1637 602 1654 643 1

207 684 249 723 p.
271 672 353 710 292
382 671 450 711 53.
510 672 554 712 In
584 684 687 711 nova
716 669 927 711 comoedia
955 669 1077 709 Sicon
1108 669 1283 709 hominis
1312 669 1534 709 liberaliter
1561 683 1654 722 pro-

209 740 292 791 digi
335 745 471 792 partes
509 741 749 781 sustinuisse
788 738 962 778 videtur,
1030 739 1281 778 Themistius
1326 739 1439 779 Orat.
1482 738 1654 781 xxxiv

207 821 248 860 p.
278 809 360 848 462
391 809 456 850 ed.
487 809 631 849 Dind.:
662 805 710 847 τὸ
741 805 786 847 δὲ
815 805 888 846 καὶ
917 806 1017 853 ross*
1032 802 1294 860 χρήσασθαι
1323 804 1523 854 δεηθεῖσι
1553 805 1653 846 δοῦ-
1693 841 1697 844 .

207 887 281 915 ναι
310 874 474 931 δωρεὰν
500 876 574 917 καὶ
604 871 799 923 πλείονός
828 888 874 927 γε
905 873 1058 915 δοῦναι
1097 871 1260 927 δωρεὰν
1287 869 1315 923 ἢ
1342 868 1430 930 ὅσῳ
1453 873 1655 929 χρῆσθαι

206 940 338 1000 ’ᾔτησε
375 973 427 980 -
467 942 566 985 τίνα
600 940 1005 998 ζΑλκιβιάόηνχούχ
1041 940 1311 997 ὑπερβαίνεις
1346 940 1445 983 τίνα
1480 943 1655 984 Σίκωνα

206 1009 284 1053 οὐκ
324 1001 563 1067 ἀποφαίνει
599 1011 852 1066 Σμικρίνην.
921 1015 980 1053 lta
1018 1014 1123 1053 enim
1160 1018 1273 1053 recte
1313 1014 1440 1054 codex
1477 1015 1652 1054 exhibet.

206 1083 343 1131 Sicon,
374 1085 440 1123 cui
469 1085 604 1124 Maius
633 1089 674 1124 et
705 1083 938 1124 Dindorfius
962 1083 1141 1122 Cimonis
1171 1096 1317 1123 nomen
1347 1083 1654 1133 substituerunt,

207 1152 426 1203 opponitur
460 1153 684 1194 Smicrinae
723 1151 878 1192 homini
918 1151 1082 1192 sordide
1118 1165 1252 1192 avaro.
1315 1153 1367 1194 V.
1405 1153 1456 1193 ad
1486 1154 1656 1194 Menan-

211 1220 330 1259 drum
362 1234 400 1273 p.
431 1222 498 1262 49.

902 1276 972 1316 VI.

571 1352 702 1402 Οἶνον
730 1359 810 1417 γάρ
838 1375 890 1417 με
927 1359 1097 1402 Ψίθιον
1123 1358 1279 1414 γεύσας

564 1442 675 1494 ἡδὺν
703 1441 903 1501 ἄκρατον,
935 1443 1136 1500 διψῶντα
1163 1439 1312 1498 λαβών

567 1524 654 1579 ὄξει
683 1526 803 1569 παίει
831 1526 937 1583 πρὸς
966 1525 1019 1568 τὰ
1049 1523 1213 1577 στήθη.

315 1640 551 1680 Athenaeus
582 1640 599 1680 1
631 1655 668 1692 p.
699 1642 754 1681 28
770 1641 812 1680 f:
854 1638 1071 1692 μέμνηται
1100 1636 1145 1677 δὲ
1174 1628 1299 1684 οὗτος
1328 1638 1554 1687 (Eubulus)
1582 1637 1655 1677 καὶ

211 1705 383 1748 Ψιθίου
410 1706 531 1748 οἴνου
566 1698 695 1748 Οἶνον
722 1708 811 1749 κτλ.
869 1711 940 1752 Vs.
959 1711 981 1748 1
1020 1704 1191 1747 Ψιθίου
1220 1708 1338 1747 BCD.
1375 1702 1555 1746 Ψυθίου
1568 1708 1652 1749 VL.

204 1779 266 1817 lta
302 1779 491 1818 scribitur
525 1779 605 1818 hoc
646 1792 792 1818 nomen
830 1779 938 1830 apud
979 1779 1154 1818 Plinium
1184 1778 1238 1816 H.
1268 1777 1318 1816 Ν.
1348 1775 1426 1814 Xll
1457 1776 1526 1825 27,
1563 1776 1653 1816 Sta-

204 1846 303 1886 tium
319 1847 528 1902 Silv.1V„9
558 1848 612 1886 38
642 1848 811 1899 aliisque
840 1848 952 1888 locis.
992 1848 1173 1887 Alteram
1205 1845 1442 1897 scripturam
1459 1845 1655 1886 habemus

204 1916 311 1966 apud
341 1916 588 1956 Nicandrum
620 1917 734 1956 Alex.
768 1917 865 1965 181,
921 1916 1174 1968 Hesychium
1205 1926 1238 1953 s.
1263 1926 1299 1953 v.
1330 1910 1475 1964 ψιθία
1505 1919 1546 1955 et
1575 1905 1683 1960 co-.

204 1985 414 2024 lumellam
446 1985 498 2025 R.
528 1986 579 2025 R.
611 1986 670 2024 111
700 1987 726 2024 2
756 1985 824 2025 24.
883 1986 1111 2026 Verborum
1144 1996 1299 2032 sensus,
1329 1996 1352 2022 a
1377 1996 1455 2034 quo
1485 1985 1655 2025 mirifice

203 2053 409 2092 aberravit
440 2054 470 2095 1.
499 2054 555 2094 H.
585 2055 756 2095 Vossius
793 2054 844 2093 ad
872 2055 1032 2106 Virgilii
1063 2054 1213 2105 Georg.
1244 2052 1359 2092 1189
1389 2065 1429 2104 p.
1457 2053 1553 2102 298,
1587 2053 1655 2094 hic

204 2126 288 2160 est:
329 2134 421 2161 cum
452 2122 664 2174 Psythium
694 2125 830 2163 vinum
861 2124 961 2163 mihi
991 2122 1287 2175 degustandum
1317 2121 1517 2171 dedisset,
1547 2135 1653 2162 nune

203 2190 407 2231 sitientem
437 2191 578 2231 videns
607 2196 765 2233 acetum
794 2194 834 2232 h.
852 2206 888 2232 e.
910 2192 990 2231 vile
1018 2193 1154 2232 vinum
1183 2191 1284 2230 mihi
1313 2190 1503 2232 infundit.
1533 2191 1652 2237 Simi-

201 2259 317 2308 liter,
347 2260 420 2299 sed
450 2261 646 2312 figurate,
677 2261 971 2313 Theopompus
1000 2262 1099 2301 Fab.
1128 2262 1207 2301 inc.
1238 2273 1278 2312 p.
1294 2261 1376 2299 819
1402 2256 1652 2313 ἐλευθερίας

205 2322 435 2376 γεύσαντες
466 2324 563 2377 ὄξος
591 2327 772 2380 ἐνέχεαν.
831 2332 964 2382 Atque
993 2330 1049 2369 ita
1078 2329 1198 2369 etiam
1228 2329 1308 2369 alii.
1366 2329 1495 2368 Recte
1531 2329 1650 2369 etiam

202 2390 292 2443 ὄξει
322 2393 468 2435 παίειν
498 2399 575 2437 vici
615 2399 710 2441 vino
733 2404 964 2451 percutere,
994 2403 1039 2438 ut
1057 2399 1240 2438 Eubulus
1269 2410 1390 2450 supra
1405 2411 1444 2449 p.
1456 2398 1538 2436 228
1555 2397 1651 2437 dixit

198 2459 308 2501 ἀλλὰ
339 2463 608 2517 παραλαβών
637 2461 806 2521 ἀκράτῳ
834 2465 956 2519 κροῦε
986 2466 1059 2506 καὶ
1089 2463 1214 2505 δίδου
1252 2459 1425 2511 πυκνάς.
1491 2466 1649 2506 Eodem

197 2545 318 2572 sensu
349 2534 497 2574 dicitur
525 2532 673 2584 σοβεῖν
703 2539 743 2575 et
775 2531 1017 2574 πατάσσειν
1047 2532 1144 2574 τινὰ
1170 2529 1403 2587 ποτηρίοις.
1443 2535 1648 2575 Timoeles

198 2601 334 2641 Conis.
367 2603 410 2641 12
449 2598 627 2652 πατάξω
657 2603 702 2643 σὲ
731 2599 931 2656 μεγάλοις
960 2588 1191 2657 ποτηρίοις.
1249 2604 1417 2656 Amphis
1450 2598 1649 2656 Ἕρίθων

197 2668 347 2723 fragm.
379 2671 439 2712 11:
479 2667 502 2710 ὁ
547 2671 648 2720 παῖς
686 2670 869 2726 σοβείτω
909 2673 997 2720 τοῖς
1027 2669 1246 2728 ποτηρίοις
1275 2671 1462 2720 πυκνοῖς.
1520 2673 1646 2716 Athe-
