1702 3158
274 161 759 211 ‹DIAEYPJHIAHS‘
779 165 835 202 -4
861 169 864 170 ’
878 163 1291 210 ΧΑΛΚΙΔΙΚΟΣ.
1441 167 1527 211 533

49 284 187 338 posuit
201 283 450 325 Dindorfius.
481 284 525 325 Si
543 282 645 324 nihil
672 287 910 337 corruptum
941 288 1004 325 est
1030 284 1110 325 hoc
1140 295 1276 333 versu,
1307 283 1521 324 metricam

44 355 222 397 formam
252 356 360 396 hanc
390 368 482 397 esse
509 359 677 408 putem:

266 439 312 482 -ζ
336 470 355 489 υ
378 475 423 482 -
447 438 493 482 -Ι
517 468 538 490 υ
566 468 843 489 —————
864 452 870 498 Ι
890 437 937 480 -’-
962 467 1279 488 -------

45 516 239 557 Ceterum
283 517 505 569 permirum
556 516 687 557 videri
739 518 878 567 potest
919 515 1030 567 quod
1074 515 1313 556 Athenaeus
1360 527 1411 555 ex
1454 515 1519 556 his

42 586 228 627 Axionici
257 586 441 628 versibus
472 586 644 629 efficere
674 585 817 634 voluit,
849 585 1022 626 Calliam
1056 590 1098 626 et
1120 586 1363 626 helluonem
1391 585 1519 626 fuisse

44 661 87 696 et
116 658 360 706 aleatorem,
405 669 498 698 eum
538 659 590 698 de
629 658 719 698 alea
749 669 802 697 ne
833 656 1005 696 verbum
1037 657 1203 708 quidem
1234 657 1419 697 additum
1450 657 1518 697 sit.

42 727 169 768 Cuius
198 727 452 769 difficultatis
481 734 640 782 partem
670 729 726 769 ita
758 740 975 768 removere
1005 727 1161 777 licebit,
1190 732 1237 768 nt
1258 727 1519 769 Athenaeum

40 798 165 837 verbo
201 795 398 848 κυβεύειν
436 812 487 840 eo
527 811 653 840 sensu
692 811 817 839 usum
861 810 955 839 esse
994 798 1202 848 dicamus,
1241 811 1323 851 quo
1362 798 1518 852 legitur

40 867 149 920 apud
178 868 493 923 Theopompum
511 871 627 911 Gom.
644 884 684 923 p.
700 869 809 909 813:
839 866 1012 907 παῦσαι
1038 863 1246 919 κυβεύων,
1276 864 1517 920 μειράκιον,

38 935 113 976 καὶ
140 936 230 986 τοῖς
258 935 424 990 βλίτοις
455 936 618 994 διαχρῶ
649 935 697 978 τὸ
726 934 976 993 λοιπόνςὴ.
1013 952 1049 980 e.
1079 938 1226 979 desine
1257 939 1514 980 lusam-iosam

40 1021 167 1062 agere
196 1011 343 1051 vitam.

451 1129 1082 1175 ΦΙΛΙΝΝΑ.

318 1243 365 1286 Γ
356 1244 500 1287 υναικὶ
530 1243 584 1296 δὴ
614 1243 787 1287 πίστευε
816 1243 879 1300 μή
911 1242 1054 1285 πίνειν
1083 1236 1222 1299 ὕδωρ.

148 1330 402 1372 Athenaeus.
423 1332 461 1373 X
491 1345 531 1385 p.
561 1331 646 1372 442
663 1346 710 1374 a:
738 1326 986 1383 Ἀξιόνικος
1016 1326 1066 1368 δ’
1095 1326 1142 1369 ἐν
1176 1326 1373 1386 Φιλίννῃ
1404 1328 1518 1384 φησί

37 1396 227 1439 Γυναικὶ
254 1395 307 1449 δή
337 1399 429 1443 κτλ.
497 1402 684 1443 Subiecit
724 1403 830 1443 haec
868 1403 1106 1444 Athenaeus
1136 1401 1323 1442 Platonis
1366 1403 1513 1443 comici

34 1470 127 1512 loeo
157 1471 334 1525 (p.674)
364 1485 445 1525 quo
465 1474 661 1514 mulieres
692 1474 775 1514 vini
806 1474 1059 1514 avidissimas
1091 1486 1185 1513 esse
1213 1473 1397 1513 doceret.
1429 1473 1513 1515 Pro

34 1536 105 1592 δή,
136 1543 246 1594 quod
275 1543 429 1583 habent
458 1545 541 1594 Ae,
575 1546 682 1587 PVL
713 1541 773 1585 δέ.
834 1545 896 1585 ne
926 1544 1046 1583 mulo
1078 1543 1246 1584 fabulae
1275 1529 1371 1584 'vide
1401 1544 1511 1585 nist.

35 1614 126 1654 orit.
156 1626 196 1665 p.
210 1614 294 1653 418
325 1617 366 1653 et
395 1615 559 1668 Fragm.
591 1615 707 1656 Com.
738 1619 821 1656 ant.
851 1615 1009 1668 p 743.
1050 1615 1132 1656 Pro
1169 1610 1370 1671 Φιλίννῃ,
1402 1615 1514 1669 quod

35 1696 86 1725 ex
114 1684 220 1726 ABP
250 1688 462 1738 receptum
493 1691 570 1737 est,
600 1687 672 1729 VL
701 1686 855 1727 habent
891 1681 1068 1740 Φιλίνῃ.

439 1860 1104 1907 ΧΑΛΚΙΔΙΚΟΣ.

31 2022 34 2023 ⁷
144 1976 310 2018 Titulus
339 1977 505 2020 fabulae
534 1983 671 2021 utrum
706 1977 877 2026 Χαλκὶς
906 1991 960 2019 an
977 1972 1245 2024 Χαλκιδικὸς
1274 1977 1402 2020 fuerit
1432 1980 1507 2021 du-

33 2046 154 2088 bitari
196 2052 345 2101 potest.
424 2049 533 2090 Illud
575 2051 702 2091 habet
745 2051 988 2092 Athenaeus
1033 2050 1199 2102 Fragm.
1232 2049 1285 2089 11.
1331 2050 1508 2092 sortasse

35 2117 157 2157 etiam
185 2119 349 2172 Fragm.
378 2121 411 2162 1.
441 2122 511 2160 ubi
542 2122 636 2160 libri
665 2122 820 2162 habeut
853 2116 1120 2175 Χαλκιὸίκῳ.
1162 2122 1217 2160 Αι
1250 2118 1507 2177 Χαλκιδικῷ

35 2187 182 2229 Pollux
210 2189 374 2243 Fragm.
405 2191 481 2232 111.
542 2189 713 2240 Χαλκὶς
741 2193 776 2233 si
805 2203 949 2232 verum
978 2195 1063 2240 est,
1093 2191 1323 2232 meretricis
1353 2205 1505 2233 nomen

34 2256 164 2298 fuisse
192 2259 450 2311 crediderim,
481 2263 801 2315 comparandum
832 2263 933 2302 illud
963 2274 1056 2301 cum
1095 2258 1260 2313 Χρυσὶς
1290 2262 1399 2314 apud
1431 2263 1504 2303 Ti-

33 2329 208 2368 moclem
227 2329 431 2372 Orestaut.
449 2333 481 2381 1,
510 2333 553 2374 4.
582 2328 796 2389 ’'Apyvpcg
825 2332 932 2387 (sive
962 2333 1101 2385 potius
1127 2325 1361 2384 Ἀργυρὶς)
1392 2332 1503 2386 apud

34 2398 268 2452 Theognid.
284 2414 341 2441 vs.
358 2402 467 2443 1212
483 2408 524 2443 et
539 2404 643 2444 aliis.
675 2406 791 2446 idem
809 2404 1182 2444 fuitMenandreae
1207 2403 1374 2443 fabulae
1404 2403 1502 2443 titu-

34 2467 113 2509 lus.
169 2469 242 2510 Sin
273 2469 539 2521 Χαλκιδικὸς
567 2474 732 2516 fabulae
762 2476 884 2515 index
916 2475 1009 2524 fuit,
1041 2475 1092 2514 de
1124 2475 1212 2514 cive
1235 2474 1502 2515 Chalcidensi

37 2536 324 2591 intelligendus
361 2547 437 2585 est.
496 2547 612 2598 Quae
650 2547 782 2600 ration:
813 2545 979 2597 quidem
1013 2549 1075 2584 est
1105 2545 1321 2597 gentilium
1353 2544 1500 2594 forma,

38 2617 115 2646 nee
143 2612 275 2651 tamen
303 2613 392 2655 sine
421 2618 630 2669 exemplis.
662 2617 723 2657 lta
748 2610 1007 2664 ιΕλληνικὸς
1038 2614 1189 2655 dieitur
1219 2628 1294 2668 pro
1318 2606 1499 2662 ίἝλλην,

37 2673 285 2741 Λακῳνικὸς
313 2696 387 2736 pro
416 2681 597 2737 Λάκων,
631 2682 825 2735 Ἰωνικὸς
856 2699 931 2739 pro
955 2681 1086 2738 Ἴων,
1131 2683 1394 2740 Τυρρηνικὸς
1424 2696 1499 2736 pro

44 2744 276 2801 Τυρρηνός.
