1702 3158
490 178 755 221 FABULAE
789 176 1093 219 INCERTAE.
1449 179 1532 220 14⁴1

690 349 885 392 XXXIV.

847 426 1125 487 Συναγαγών

400 518 512 573 τρεῖς
542 513 674 568 ὄντας
703 513 764 569 εἷς
793 517 1014 576 τρίκλινον
1041 514 1175 573 ἡμᾶς.

162 633 400 675 Athenaeus
433 634 470 674 11
499 647 542 687 p.
571 633 683 675 471⁸:
714 633 789 674 καὶ
819 628 1030 688 τρίκλινοι
1059 620 1172 672 οἶκοι
1200 629 1277 671 καὶ
1307 627 1528 688 τετράκλι-

51 715 122 744 νοι
136 703 210 744 καὶ
240 699 487 743 ἑπτάκλινοι
516 703 590 743 καὶ
619 699 882 744 ἐννεάκλινοι
920 702 995 743 καὶ
1026 699 1140 744 κατὰ
1169 699 1270 751 τοὺς
1289 699 1395 758 ῗέξῆς
1431 699 1530 761 άρι-

50 771 199 829 θμοὺς
221 763 336 825 ἦσαν
351 771 472 829 παρὰ
488 774 577 822 τοῖς
597 774 817 822 παλαιοῖς.
844 770 1125 829 Ἀντιφάνης
1140 772 1419 830 Συναγαγών
1435 773 1528 818 κτλ.

708 898 879 940 XXXV.

324 986 404 1028 Δεῖ
424 983 508 1044 γὰρ
539 982 767 1042 φαγόντας
796 983 998 1041 δαψιλῶς
1029 985 1214 1043 βρέχειν.

157 1101 398 1144 Athenaeus
430 1103 447 1143 1
478 1116 519 1156 p.
550 1102 606 1144 23
621 1116 656 1143 a.
703 1107 744 1143 et
785 1102 979 1143 Eustath.
1020 1102 1072 1143 ad
1114 1102 1229 1143 Iliad.
1260 1116 1301 1156 p.
1332 1103 1418 1143 890
1448 1103 1528 1144 49:

47 1167 218 1223 εἴρηται
248 1169 295 1212 δὲ
323 1170 373 1212 τὸ
405 1171 574 1227 βρέχειν
612 1173 687 1213 καὶ
717 1172 789 1213 ἐπὶ
819 1170 899 1212 τοῦ
929 1168 1086 1216 πίνειν.
1143 1166 1424 1227 ’Λντιφάνης
1454 1171 1535 1213 Δεῖ

46 1237 132 1294 γάρ
160 1240 252 1283 κτλ.
320 1245 413 1285 Non
453 1245 652 1285 credibile
693 1249 756 1285 est
784 1244 1062 1296 Antiphanem
1092 1241 1263 1299 βρέχειν
1293 1244 1444 1285 dixisse
1475 1256 1528 1285 eo

44 1323 125 1363 quo
156 1313 398 1354 Athenaeus
429 1316 557 1356 voluit
585 1328 721 1356 sensu.
790 1315 938 1366 Neque
973 1315 1030 1354 ita
1061 1320 1124 1354 est
1154 1315 1196 1355 in
1226 1315 1383 1356 Eubuli
1414 1315 1528 1368 quod

46 1382 184 1422 adiicit
225 1383 482 1437 fragmento,
536 1383 822 1441 βεβρεγμένος
864 1377 953 1434 ἥκω
996 1383 1072 1423 καὶ
1119 1383 1527 1437 κεκωθωνισμένος.

46 1452 281 1506 Speciosius
322 1456 471 1497 afferas
504 1458 718 1498 Philoxeni
749 1457 939 1510 Cytherii
967 1457 1106 1497 locum
1137 1457 1247 1510 apud
1279 1457 1432 1499 Athen.
1464 1457 1526 1498 xl

47 1535 88 1576 p.
116 1523 202 1564 476
223 1538 270 1565 e:
310 1521 488 1580 ἔβρεχον
527 1525 572 1568 δὲ
608 1525 722 1568 κατὰ
749 1522 919 1582 μικρόν.
988 1527 1073 1568 Sed
1109 1528 1221 1568 hunc
1258 1528 1526 1582 corruptelae

49 1595 180 1647 arguit
215 1608 479 1639 numerorum
522 1601 761 1653 perturbata
797 1601 919 1640 ratio.
997 1599 1088 1639 Nec
1124 1599 1218 1651 plus
1256 1599 1527 1640 tribuendum

51 1663 227 1706 Alexidis
264 1666 357 1708 loco
396 1670 563 1724 Fragm.
593 1672 674 1711 inc.
707 1671 791 1711 fab.
825 1671 881 1712 1V
911 1670 954 1709 4.
1024 1670 1071 1709 In
1111 1670 1359 1722 Antiphanis
1400 1682 1525 1711 versu

52 1735 309 1779 scribendum
327 1740 490 1781 videtur
511 1739 769 1796 βρέχεσθαι,
801 1747 847 1781 ut
877 1752 1020 1780 versus
1051 1740 1105 1779 sit
1134 1744 1378 1780 tetrameter
1406 1740 1525 1781 initio

51 1803 208 1848 dnobus
248 1809 423 1862 pedibus
463 1813 611 1854 minor.
685 1813 774 1854 Nisi
816 1811 928 1852 forte
957 1811 1075 1851 locus
1103 1810 1268 1853 laxatus
1299 1814 1364 1852 est
1393 1814 1436 1851 et
1466 1811 1525 1853 its

49 1873 138 1918 fere
168 1880 512 1934 redintegrandus
550 1881 622 1924 δεῖ
653 1879 739 1938 γάρ
771 1878 1000 1936 φαγόντας
1041 1877 1242 1936 δαψιλῶς
1283 1877 1365 1922 τὸν
1392 1876 1524 1922 πλεύ-

48 1947 190 2004 μοναΙ
218 1947 397 2005 βρέχειν.

688 2077 880 2120 XXXVI.

182 2151 307 2199 Ἐπεὶ
337 2158 365 2199 ὃ
380 2156 390 2170 '
424 2157 448 2202 ὁ
479 2157 660 2216 τρίπους
689 2157 829 2216 ἤρθη,
858 2156 972 2201 κατὰ
996 2158 1154 2216 χειρῶν
1184 2158 1373 2214 ἐχέομεν.

161 2271 396 2316 Athenaeus
427 2277 466 2317 11
497 2290 537 2330 p.
567 2277 622 2317 49
642 2277 679 2317 b.
719 2276 772 2317 de
811 2276 1018 2328 tripodum
1050 2287 1129 2315 usu
1157 2274 1199 2314 in
1231 2273 1428 2314 conviviis
1459 2271 1522 2312 di·

52 2350 175 2381 cens:
210 2336 485 2400 Ἀντιφάνης
521 2342 647 2385 Ἐπεὶ
678 2342 728 2385 δ’
764 2341 787 2386 ὁ
819 2343 998 2400 τρίπους
1027 2343 1118 2384 κτλ.
1175 2343 1331 2396 Scripsi
1365 2339 1523 2395 χειρῶν

53 2405 221 2463 ἔχέομεν
248 2427 322 2466 pro
343 2414 498 2471 χειρῶν
528 2412 570 2455 τ’
600 2415 792 2470 εἴχομεν,
832 2422 874 2456 et
913 2430 1074 2457 comma
1103 2414 1225 2468 posui
1255 2418 1349 2466 post
1378 2406 1519 2465 ἤρθη.

54 2478 113 2520 lta
153 2483 392 2527 Euststhius
429 2488 480 2527 ad
521 2488 637 2528 Iliad.
680 2503 719 2541 p.
749 2489 835 2528 740
873 2489 947 2527 16:
1006 2479 1191 2538 παράγει
1238 2481 1519 2534 (Athenaeus)

55 2549 127 2588 καὶ
164 2547 438 2609 Ἀντιφάνην
467 2552 647 2597 εἰπόντα
685 2554 810 2597 Ἐπεὶ
852 2553 903 2596 δ’
938 2553 961 2596 ὁ
1005 2552 1185 2610 τρίπους
1214 2549 1363 2608 ἤρθή,
1392 2565 1520 2593 τουτ·

56 2615 174 2659 ἐστιν
200 2619 227 2672 ἡ
257 2621 465 2679 τράπεζα,
502 2625 614 2667 κατὰ
641 2627 796 2683 χιιρῶν
826 2626 1000 2682 ἐχέομεν
1019 2656 1029 2676 ,
1059 2622 1195 2678 ἤγουν
1224 2622 1519 2677 ένιπτόμεθα.

55 2687 286 2737 ffilldorfius
323 2698 449 2738 edidit
485 2696 579 2738 ἐπεὶ
617 2696 668 2738 δ’
696 2695 720 2739 ὁ
759 2695 938 2754 τρίπους
976 2692 1100 2750 ἤρθη
1138 2692 1251 2736 κατά
1287 2692 1444 2750 χειρῶν
1473 2688 1516 2733 τ’

55 2753 239 2812 ἕχὲομεν.
296 2766 465 2810 Ferrem
493 2770 587 2821 hoc,
618 2771 652 2811 si
683 2771 914 2824 scripsisset
944 2766 1136 2822 ἑχέαμιν.

1149 2838 1202 2877 10
1234 2839 1251 2857 *
