1702 3158
214 163 299 203 618
791 162 1083 204 XENARCHI

324 273 560 315 Athenaeus
588 273 686 314 xm
717 286 756 325 p.
787 272 932 313 569⁸:
971 269 1150 327 ἐπιτιμᾷ
1187 269 1231 312 δὲ
1271 272 1344 312 καὶ
1374 267 1582 327 Ξέναρχος
1609 272 1654 314 ἐν

214 338 463 398 Πεντάθλῳ
499 341 588 389 τοῖς
627 338 932 394 παρακλησίως
969 354 1039 381 σοι
1079 339 1222 394 βιοῦσι
1258 341 1330 381 καὶ
1367 339 1685 384 ἐσπουδακόσι-

215 411 310 465 περὶ
346 408 424 459 τὰς
459 407 818 465 μεγαλομίσθους
854 407 1027 464 ἑταίρας
1069 410 1143 451 καὶ
1180 408 1257 459 τὰς
1298 411 1530 467 ἐλευθέρας
1570 410 1656 453 τῶν

213 479 427 534 γυναικῶν
457 480 580 520 ταυτὶ
606 478 741 532 λέγων
770 475 897 520 Amo&
925 479 1014 536 κτλ..
1089 483 1156 523 Vs.
1186 484 1212 523 3
1254 475 1365 522 ὅπου
1392 480 1473 537 γὰρ
1501 478 1654 525 οὐσῶν.

215 554 298 592 Aut
326 553 427 591 haec
457 556 648 603 corrupta
677 555 786 600 sunt,
815 556 883 591 aut
904 552 1067 592 dicendi
1087 553 1233 593 ardore
1261 554 1451 606 abreptus
1480 553 1656 606 neglexit

215 621 433 673 apoduein,
473 633 576 672 quae
618 621 671 660 ita
704 621 793 660 fere
832 622 1003 661 dicentis
1046 622 1179 662 animo
1221 624 1530 663 obversabatur:
1576 623 1655 662 Ubi

217 691 324 729 enim
354 702 476 741 quum
508 690 775 741 pulcerrimae
806 691 1090 731 meretriculae
1118 693 1158 731 in
1189 697 1379 744 promptu
1417 693 1519 740 sint,
1561 692 1656 731 ado-

214 759 416 799 lescentes
454 760 646 799 matronis
684 759 945 808 insidiantur„
984 761 1072 811 quis
1110 774 1190 801 nou
1221 762 1363 801 merito
1394 762 1656 801 succenseat?

214 828 358 869 Paullo
390 829 520 868 minus
551 833 685 868 tamen
715 829 956 869 insolentiae
984 830 1171 869 habitura
1202 836 1310 871 esset
1340 831 1531 870 orationis
1561 843 1657 870 con-

214 899 418 946 formatio,
447 898 480 937 si
510 898 719 950 legeretur
746 889 858 936 ὅπου
885 896 1140 952 παρουσῶν,
1178 905 1220 939 ut
1250 900 1436 955 epodosis
1466 901 1657 940 enuncia-

214 969 336 1008 tionis
368 968 503 1020 paullo
534 967 702 1006 liberius
732 959 982 1007 conformata
1021 959 1201 1008 ordietur
1237 955 1355 1008 versu
1396 959 1568 1021 septimo
1595 958 1659 1007 ὦν

216 1033 335 1076 ἔστιν
370 1030 646 1087 ἐκλεξάμενον
684 1041 762 1076 etc.
828 1037 1038 1076 Dobraeus
1070 1037 1170 1077 Adv.
1203 1038 1240 1076 11
1270 1051 1309 1088 p.
1339 1038 1421 1076 343
1451 1039 1654 1077 tentabat:

215 1103 272 1154 ὥς
301 1101 352 1145 οὐ
382 1101 627 1158 παρουσῶν,
654 1109 765 1144 recte
794 1110 929 1145 tamen
959 1105 1111 1146 addens
1141 1106 1243 1155 „sed
1269 1097 1426 1158 ὥσπερ,
1454 1107 1520 1146 vel
1544 1108 1658 1158 παρ’-

217 1170 365 1224 οὑσας,
393 1180 614 1228 oporteret,
645 1175 685 1215 ni
715 1174 874 1215 fallor.”
921 1200 973 1206 —
1005 1175 1075 1216 Vs.
1105 1175 1131 1215 4
1162 1173 1437 1228 πορνείοισιν,
1465 1168 1516 1222 ἅς
1546 1176 1653 1216 Tou-

215 1248 307 1302 pius
336 1246 387 1286 ad
417 1245 530 1286 Suid.
563 1245 578 1283 1
609 1258 648 1297 p.
679 1245 733 1283 96
762 1257 810 1283 ex
840 1245 1091 1293 coniectura,
1123 1257 1243 1296 quam
1273 1246 1511 1285 confirmant
1539 1246 1656 1287 ABG.

217 1317 351 1370 Vulgo
383 1310 599 1367 πορνίοισι
626 1307 749 1365 μάλ’.
795 1338 847 1345 —
883 1314 952 1355 Vs.
982 1314 1008 1353 5
1039 1314 1132 1354 libri
1161 1312 1318 1367 στέρνα
1346 1308 1387 1352 τ’
1419 1309 1656 1366 ἠμφιεσμέ-

217 1398 308 1432 νας.
341 1385 527 1425 Correxit
542 1383 790 1435 Tyrwhittus
808 1384 912 1434 App.
929 1383 979 1422 ad
997 1383 1145 1435 Toupii
1163 1383 1334 1423 Emend'.
1353 1384 1408 1424 1V
1423 1398 1461 1435 p.
1477 1384 1574 1424 419.
1604 1408 1658 1415 —-—

217 1456 330 1498 Vs.6
361 1450 525 1506 γυμνὰς
543 1450 881 1503 -τεταγμένας.
919 1452 1078 1492 Eodem
1108 1464 1227 1492 versu
1257 1465 1355 1492 usus
1385 1458 1447 1492 est
1476 1453 1681 1493 Eubulus-

219 1527 349 1567 Nann.
380 1524 419 1563 4.
480 1523 579 1562 lbid.
604 1518 675 1559 ἐπὶ
703 1519 831 1573 κέρως
862 1522 908 1562 V.
966 1522 1105 1561 Ceteri
1133 1518 1372 1574 ἐπικαίρως,
1405 1534 1544 1561 errore
1574 1523 1660 1562 vul-

219 1597 319 1649 gari.
349 1618 402 1625 —
434 1594 504 1635 Vs.
534 1594 559 1631 9
590 1590 710 1630 affert
741 1592 974 1630 Eustathius
1004 1605 1044 1643 p.
1074 1592 1158 1630 883
1186 1592 1253 1631 36.
1283 1617 1336 1623 —
1369 1592 1437 1632 Vs.
1471 1591 1662 1644 lo-lege-

219 1669 338 1708 batur
367 1658 541 1715 κλίμακ’
574 1654 889 1716 αἰτησαμένων,
927 1662 1035 1713 quod
1066 1662 1151 1701 sive
1182 1661 1234 1710 de
1265 1662 1465 1713 postulata
1494 1663 1579 1702 sive
1610 1664 1685 1703 det

221 1741 360 1778 mutuo
392 1736 557 1785 accepta
584 1731 690 1770 scala
720 1731 1015 1782 interpreteris,
1045 1732 1153 1771 iuxta
1183 1731 1362 1782 ineptum
1394 1737 1466 1771 est.
1523 1733 1684 1783 ltaque}

220 1805 362 1857 scripsi
391 1799 578 1854 κλίμακα
608 1796 892 1852 στησάμινον.
923 1824 974 1830 —
1007 1801 1076 1842 Vs.
1098 1802 1142 1839 ll
1178 1802 1269 1840 libri
1300 1797 1474 1838 ἐκδῦναι
1502 1800 1681 1851 στέγης.ῑ

220 1879 254 1918 G
282 1868 596 1918 ἐκόυναστείης.
639 1871 822 1910 Correxit
838 1871 1059 1910 Dobraeus.
1098 1871 1158 1910 De
1187 1871 1351 1909 introitu
1381 1871 1554 1920 moechi,
1584 1878 1685 1913 now,

222 1949 274 1987 de
304 1945 410 1984 exitu
441 1946 602 1993 poetam
633 1940 770 1978 dicere
802 1946 1116 1979 consentaneum
1149 1947 1223 1980 est.
1283 1939 1438 1990 στέγην
1474 1941 1526 1979 de
1561 1941 1678 1981 celle*

221 2018 485 2057 subterranea
514 2010 720 2060 intellege.
779 2009 990 2049 Genitivus
1019 2007 1170 2059 στέγης
1198 2023 1277 2051 non
1308 2011 1357 2049 ab
1386 2004 1486 2058 ὀπή,
1517 2010 1587 2051 sed
1612 2007 1681 2050 abi

222 2081 416 2124 εισὸῦναι
446 2081 627 2134 pendere
658 2080 831 2127 videtur,
863 2079 913 2117 de
944 2092 1021 2130 qua
1051 2080 1351 2118 constructione
1381 2080 1472 2130 vide
1501 2081 1549 2119 ab
1582 2082 1683 2119 Eu·-

222 2155 367 2209 polidis
396 2152 540 2203 fragm.
572 2164 610 2201 p.
627 2150 708 2190 430
739 2153 779 2187 et
810 2149 1061 2188 Dindorfium
1092 2150 1141 2188 ad
1172 2149 1385 2200 Sophoclis
1415 2149 1525 2189 Aiae.
1544 2150 1683 2195 12743

221 2251 275 2257 --
307 2225 376 2264 Vs.
409 2220 600 2261 13-15,
641 2220 879 2259 Eustathius
910 2219 960 2258 ad
991 2219 1112 2258 Hom.
1144 2232 1183 2271 p,
1215 2220 1296 2258 886
1327 2219 1401 2259 34:
1439 2215 1491 2257 τὸ
1517 2220 1682 2270 μέντοιΐ

224 2289 340 2347 παρὰ
370 2291 458 2337 τοῖς
488 2282 665 2341 ὕστέρον
702 2285 930 2339 πατρίδιον
966 2285 1160 2340 ᾳανερῶς
1199 2282 1434 2340 υποκορίζει
1471 2283 1681 2340 zemamai:

225 2374 360 2417 τερον,
389 2352 500 2399 οἷον·
530 2349 674 2407 αὗται,
704 2353 836 2407 ἤγουν
865 2355 911 2395 αἱ
942 2353 1161 2409 ἑταιρίδες,
1188 2351 1408 2407 βιάζονται
1437 2350 1675 2397 elad-0013<

227 2446 304 2473 σαι
355 2427 452 2476 τοὺς
494 2428 572 2479 μὲν
621 2426 822 2479 γέροντας
874 2422 1003 2473 ὄντας
1055 2423 1388 2477 ἐπικαλούμεναι
1442 2423 1665 2481 πατρίδια,

227 2495 331 2553 ὅπερ
359 2499 451 2539 ἐστὶ
481 2496 676 2551 πατέρων
704 2492 1004 2550 υποκορισμός.
1033 2523 1086 2528 -
1119 2497 1185 2537 Vs.
1203 2497 1254 2534 13
1286 2497 1493 2536 Dobraeus
1523 2491 1665 2540 αὐταί

229 2598 282 2606 ,-
313 2573 382 2613 Vs.
415 2571 466 2609 14
498 2566 697 2620 γέροντας
726 2561 868 2613 ὄντας.
899 2568 988 2606 Νοιι
1019 2568 1107 2606 siue
1136 2568 1290 2606 comico
1322 2567 1493 2618 quodam
1524 2567 1664 2619 lepore
1700 2575 1702 2591 ¹

232 2642 373 2684 eadem
418 2637 630 2692 parechesi
673 2649 769 2677 usus
811 2640 872 2676 est
915 2637 1206 2689 Aristophanes
1257 2637 1379 2688 Vesp.
1423 2636 1527 2676 278:
1583 2631 1664 2674 εἰτ’
1694 2637 1695 2641 ’

232 2709 492 2769 ἐφλέγμηνεν
522 2702 729 2760 αὐτοῦΙτὸ
757 2704 927 2762 σφυρὸν
941 2706 1137 2763 γέροντος
1151 2701 1289 2756 ὄντος,
1319 2710 1360 2746 et
1374 2706 1548 2749 Acharn
1563 2706 1663 2748 222³
1692 2716 1702 2739 ²³
