1702 3158
229 156 313 199 474
828 155 1088 197 Amxlms
1684 148 1696 171 ‘

603 314 1301 361 ΠΡΩΤΟΧΟΡΟΣ.

1022 436 1370 497 Ἐπιπονώτερον

394 520 519 576 ἔργον
545 519 608 576 μὰ
636 519 715 563 τὸν
742 519 956 565 Διόνυσον
984 521 1060 565 οὐκ
1087 523 1236 580 εἴληφ’
1263 521 1357 579 ἐγώ,

391 602 476 660 ἀφ’
508 598 562 647 οὗ
591 605 836 663 παρασιτῶ.
892 604 1149 663 μεμβράδας
1176 623 1252 662 μοι
1279 608 1471 664 κρεῖττον
1497 597 1553 657 ἦν

392 686 501 743 ἔχειν
524 686 622 744 μετ’
651 687 896 732 Ἀττικιστὶ
924 690 1168 746 δυναμένου
1195 691 1354 735 λαλεῖν.

389 769 657 829 ὀνησιφόρον
685 764 741 826 ἦν
769 773 911 817 τοῦτο.

335 886 571 928 Athenaeus
607 887 687 930 vn
725 901 766 940 p.
795 889 878 928 287
891 887 931 927 f:
962 882 1138 938 ’Ἄλεξις
1174 883 1222 927 δ’
1259 886 1306 928 ἐν
1343 883 1559 942 Χορηγίδι
1597 879 1671 924 διὰ

222 951 302 995 τοῦ
328 970 361 1009 μ
390 954 526 1010 εἴρηκε
555 952 840 1011 (μεμβράδας
867 971 940 1011 pro
970 954 1250 1012 βεμβράδας)
1287 984 1340 991 -
1377 956 1423 997 ἐν
1461 955 1507 997 δὲ
1535 953 1671 1009 Πρω-

222 1020 385 1079 τοχόρῳ
412 1021 750 1078 Ἐπινονώτερον
777 1023 865 1066 κτλ.
905 1027 1074 1068 Parasiti
1104 1029 1227 1069 verba
1254 1031 1348 1069 sunt
1377 1029 1446 1081 qui
1475 1028 1668 1080 opulento

223 1094 397 1135 barbaro
427 1106 593 1148 operam
622 1107 736 1135 suam
765 1095 987 1136 addixerat.
1059 1097 1130 1138 Vs.
1160 1099 1186 1137 2
1231 1092 1355 1150 ἔργον
1383 1097 1537 1137 addidit
1565 1096 1667 1135 Por-

223 1176 361 1205 sonus.
419 1165 501 1204 Pro
537 1159 685 1216 εἱληφ’
717 1165 980 1206 Gasaubonus
1019 1168 1201 1208 tentabat
1235 1162 1388 1220 εἴληχ’.
1445 1166 1507 1213 ne
1543 1160 1695 1218 ἔργον

222 1228 463 1286 λαμβάνειν
491 1233 553 1274 cfr
583 1233 754 1273 Photius
782 1248 822 1287 p.
854 1235 906 1275 12
934 1236 1002 1276 26.
1046 1260 1101 1268 —
1139 1237 1209 1278 Va.
1238 1236 1265 1276 3
1295 1236 1387 1276 libri
1416 1228 1668 1289 βεμβράδας

225 1309 367 1346 contra
395 1307 574 1344 mentem
603 1303 818 1345 Athenaei.
875 1329 929 1336 --
987 1305 1056 1346 Vs.
1085 1305 1113 1344 4
1142 1301 1251 1358 ἔχειν
1278 1300 1546 1359 μεμβράδας.
1607 1305 1668 1345 lta

222 1373 411 1416 Anaxilas
440 1372 608 1426 Λυροπ.
638 1374 671 1422 Ι,
698 1374 725 1412 4
754 1367 939 1427 κήρυκας
972 1369 1093 1426 ἔχειν.
1132 1375 1247 1416 Male
1277 1376 1486 1429 corrigunt
1513 1371 1667 1414 ἔσθειν

221 1445 288 1486 vel
326 1439 451 1483 ἔδειν.
523 1443 597 1484 Cfr
635 1444 790 1484 Goraae
829 1442 880 1482 ad
917 1442 960 1484 h.
991 1444 1021 1484 l.
1056 1445 1370 1486 annotationem.
1428 1445 1535 1485 Tum
1564 1439 1665 1497 μετ’

221 1509 435 1552 ἀττικιστὶ
471 1514 521 1553 Α.
576 1511 870 1564 μεταττικιστὶ
909 1512 991 1553 ΒΡ.
1049 1526 1102 1565 με
1143 1510 1378 1554 κάττικιστὶ
1416 1516 1465 1558 V.
1520 1528 1574 1569 με
1615 1510 1663 1555 κ’

219 1577 466 1623 Ἀττικιστὶ
495 1583 541 1624 L.
585 1579 830 1635 δυναμένου
858 1583 977 1623 ΑΒΡ.
1017 1579 1258 1637 δυνάμενον
1285 1584 1371 1626 VL.

515 1810 1387 1859 ΠΥΘΑΓΟΡΙΖΟΥΣΑ.

927 1927 959 1968 Ι.

376 2001 571 2056 ’Ύδατος
599 2003 813 2063 ἀπέφθου
840 2005 1035 2050 κύαθον·
1065 2003 1121 2049 ἂν
1150 2005 1200 2049 δ’
1229 2007 1349 2065 ω’μὸν
1377 2009 1468 2068 πίῃ,

387 2089 500 2146 βαρὺ
527 2091 601 2132 καὶ
629 2090 832 2141 κοπῶδες.

330 2195 562 2235 Athenaeus
594 2196 653 2235 111
682 2210 721 2248 p.
754 2196 835 2235 122
851 2194 890 2236 f:
919 2191 1115 2249 προπίνω
1144 2207 1238 2244 σοι,
1268 2191 1373 2248 ἔφη,
1404 2192 1667 2249 φιλοτησίαν

221 2289 276 2295 -
306 2259 411 2318 παρ’
439 2258 664 2314 Ἀλέξιδος
695 2262 844 2316 λαβών
872 2262 916 2303 ἐκ
941 2261 1335 2318 Πυθαγοριζούσης
1363 2258 1548 2315 (Ύδατος
1575 2262 1663 2306 ἀπ-

220 2332 371 2388 έφθου
398 2331 488 2376 κτλ.
546 2336 616 2377 Vs.
648 2335 670 2374 l
702 2332 779 2390 πίῃ
810 2336 895 2378 VL.
924 2331 1028 2390 πίνῃ
1057 2335 1176 2376 ΑΒΡ.

842 2458 894 2498 11.
953 2457 1026 2498 ΠΙ.

382 2541 439 2584 Ἡ
467 2541 513 2584 δ’
541 2541 731 2593 ἑστίασις
757 2539 929 2599 ἰσχάδες
957 2545 1030 2587 καὶ
1059 2542 1285 2599 στέμφυλα

387 2626 462 2667 καὶ
491 2625 614 2683 τυρὸς
643 2625 785 2669 ἔσται·
818 2627 957 2670 ταῦτα
985 2626 1066 2685 γὰρ
1095 2624 1224 2669 θύειν
1252 2621 1384 2680 νόμος

387 2712 477 2759 τοῖς
505 2711 846 2768 Πυθαγορείοις.
903 2712 958 2756 B.
987 2710 1038 2762 νὴ
1068 2707 1156 2764 Δί’,
1188 2710 1339 2765 ἱερεῖον
1369 2711 1448 2764 μὲν
1476 2700 1553 2751 οὗν
