1656 3146
252 152 340 194 8⁰0
647 172 649 174 ·
864 146 1078 190 Amxls.

256 272 444 304 merum.-
485 272 577 300 nam
606 259 697 300 fleri
724 258 766 298 id
795 271 851 299 ne
879 262 1000 310 queat
1029 262 1198 300 cautim
1218 262 1283 299 eet
1314 259 1426 300 setis·-

255 331 297 372 in
327 330 516 382 plaustris
544 329 639 382 ipsis
669 329 747 368 iam
780 327 952 367 dilutum
977 328 1186 369 venditur:

258 411 390 451 neque
417 399 459 438 id
489 398 556 450 qui
584 397 763 438 vendunt
789 396 942 436 faciunt
972 409 1091 437 causa
1111 398 1340 448 quae-tuis,

258 471 486 520 emptorum
515 468 588 507 sed
617 467 813 518 capitibus
844 471 983 507 contra
1012 467 1217 518 crapulam

260 539 401 578 volunt
429 537 674 577 consultum.
731 536 987 588 pergraecari
1015 536 1097 576 hoc
1122 535 1225 575 illud
1255 540 1331 584 est,

260 619 353 647 sese
381 607 552 658 irrigare
579 605 735 658 poculis
764 605 1011 654 rorantibus,

261 679 381 726 atque
410 675 572 714 interim
602 673 753 724 aliquid
782 686 980 726 nugarum
1009 674 1117 714 inter
1144 685 1191 713 se
1218 672 1342 724 loqui.

261 745 378 784 aliter
405 743 474 784 ubi
503 744 563 792 lit,
593 743 811 792 lavacrum,
841 756 921 784 non
951 744 1104 796 potatio
1135 746 1222 783 est:

261 813 377 866 cupis
405 812 597 864 cadisque
625 812 780 863 bibere,
811 825 919 852 mors
946 813 1156 865 ipsissima.

580 984 912 1028 ΑῙΙΕΓΛΑ
934 981 1387 1036 ΥΚΩΜΕΝΟΣ.

262 1069 479 1110 Praetores
508 1069 698 1122 equidem
727 1081 820 1110 cum
849 1069 1110 1122 supercilium
1141 1069 1260 1110 altius

262 1139 456 1180 tollentes
487 1139 621 1187 video,
649 1138 786 1190 inique
815 1137 952 1179 facere
981 1138 1179 1187 existimo,

261 1221 342 1249 non
371 1207 489 1247 valde
517 1208 674 1247 interea
702 1208 839 1256 miror,
872 1208 978 1247 aucti
1006 1207 1233 1248 honoribus

263 1290 288 1319 a
316 1277 477 1318 civitate
507 1277 541 1317 si
570 1276 673 1317 altos
703 1282 870 1316 sumunt
899 1277 1081 1329 spiritus.

263 1350 305 1386 at
332 1358 423 1386 cum
453 1345 544 1385 illos
574 1346 693 1386 video
723 1346 905 1398 perditos
935 1346 1129 1399 piscar-ios

264 1415 554 1468 superciliosos
581 1427 673 1454 cum
703 1415 831 1454 oculis
861 1415 1092 1455 demissitiis

263 1488 402 1524 nostro
432 1483 645 1523 imminere
673 1485 828 1533 vertici,
859 1485 1037 1524 emorior
1065 1483 1202 1523 miser.

264 1553 299 1594 si
327 1565 510 1604 quaeras,
541 1553 644 1593 lstos
674 1554 825 1604 quanti,
855 1554 937 1603 die,
964 1553 1136 1607 mugiles
1167 1553 1302 1592 duos?

264 1621 406 1661 decem
436 1621 580 1671 obolis,
609 1623 753 1674 inquit.
810 1623 863 1663 ah
893 1636 1019 1676 grave
1050 1627 1136 1662 est:
1168 1626 1274 1670 octo,
1304 1621 1477 1661 arbitror

265 1690 453 1742 accipies.
512 1703 610 1731 sane
639 1693 674 1731 si
703 1693 874 1732 duorum
904 1693 1006 1732 emis
1036 1692 1223 1731 alterum.

264 1759 317 1799 ah
347 1772 498 1811 quaeso
528 1773 580 1799 ne
609 1773 674 1799 me
702 1761 912 1814 indignum
942 1761 1052 1802 lude.
1109 1761 1204 1813 quin
1233 1759 1312 1800 abi.

264 1827 368 1869 haec
396 1842 532 1870 nonne
561 1835 755 1883 superant
784 1830 894 1872 fellis
925 1829 1265 1872 amaritudinem?

642 1999 1341 2045 ΑΠΟΚΟΠΤΟΜΕΝΟΣ.

788 2091 937 2129 Fertur
966 2088 1070 2128 haec
1098 2090 1299 2129 sententia

266 2158 372 2198 inter
402 2158 619 2210 sapientes,
648 2171 728 2199 non
759 2160 895 2199 volare
926 2159 1183 2211 Cupidinem,

265 2227 339 2267 sed
369 2239 440 2267 eos
469 2227 537 2278 qui
566 2228 745 2280 cupiunt.
803 2230 919 2268 illum
949 2228 1110 2267 onerari
1139 2228 1306 2268 crimine

265 2295 414 2342 alieno,
439 2307 595 2348 perque
624 2297 824 2349 pictorum
853 2297 1121 2350 ignorantiam

264 2364 424 2404 adstare
452 2360 600 2416 passim
631 2378 722 2406 cum
750 2367 974 2420 pennigero
1005 2379 1189 2418 corpore.
1240 2369 1243 2372 “

570 2523 1396 2582 ΑΣΩΤΟΔΙΛΑΣΚΑΛΟΣ.

261 2610 367 2663 Quid
396 2611 473 2650 ista
501 2611 620 2651 toties
649 2613 800 2662 repetis
830 2613 880 2652 ad
908 2611 1129 2661 fastidium,

259 2679 529 2728 Academiam,
560 2680 738 2731 Lyceum
769 2684 811 2720 et
840 2681 943 2722 odei
973 2681 1097 2730 fores,
