1702 3158
224 193 308 234 334
830 189 1058 232 ΕΡΗΙΡΡΙ

502 335 727 380 ΟΜΟΙΟΙ
769 336 826 378 H
869 333 1312 381 ΟΒΕΛΙΑΦΟΡΟΙ.
1368 341 1408 392 *)

923 429 956 470 1.

738 511 863 557 ’Λλλ’
896 511 1120 571 ἀγόρασον
1147 512 1321 565 εὐτελῶς
1337 529 1348 541 ·

328 589 447 636 ἅπαν
475 594 557 651 γάρ
587 593 738 639 ἱκανόν
766 597 874 642 ἐστι.
927 599 983 645 Β.
1014 594 1146 654 φράζε
1175 594 1233 650 δή
1259 614 1378 644 ποτε.

328 677 386 720 Α.
416 673 477 733 μὴ
508 679 759 734 πολυτελῶς,
788 679 899 724 ἀλλὰ
927 683 1176 740 καθαρείως
1205 677 1234 725 ὅ
1259 699 1299 726 τι
1329 681 1384 726 ἂν
1413 673 1454 742 ᾖ,

332 757 458 812 ὁσίας
489 762 610 815 ἕνεκ’,
639 761 765 821 ἆρκεῖ
786 764 985 808 τευθίδι’
1018 766 1046 819 ἢ
1075 766 1281 819 σηπίδια·

271 843 300 885 5
325 840 408 886 κᾶν
433 845 626 902 κάραβός
654 863 718 898 τις
745 839 772 906 ᾗ
801 849 965 903 λαβεῖν,
993 845 1054 901 εἷς
1082 849 1248 907 ἀρκέσει

323 923 353 981 ἢ
383 926 460 971 δύ’
491 929 561 972 ἐπὶ
591 929 672 982 τὴν
700 929 925 987 τράπεζαν.
982 931 1203 990 ἐγχελύδια

329 1010 544 1066 Θήβηθεν
575 1011 712 1055 ἐνίοτ’
745 1013 922 1072 ἔρχεται,
952 1015 1117 1060 τούτων
1145 1017 1267 1073 λαβέ.

325 1091 639 1150 ἀλεκτρυόνιον,
669 1094 869 1154 φάττιον,
899 1098 1132 1156 περδίκιον,

323 1179 521 1224 τοιαῦτα.
581 1178 807 1233 δασύπους
836 1179 892 1225 ἂν
919 1183 1088 1242 ἐπέλθῃ
1117 1199 1193 1238 τις,
1222 1182 1338 1240 φέρε.

242 1265 297 1305 10
325 1263 380 1307 Β.
412 1261 470 1314 οἷς
496 1262 751 1321 μικρολόγος
777 1258 828 1310 εἷ.
887 1268 944 1311 Α.
975 1266 1030 1311 σὺ
1058 1268 1105 1310 δέ
1134 1283 1180 1323 γε
1208 1266 1309 1310 λίαν
1336 1266 1585 1320 πολυτελής.

322 1346 494 1398 πάντως
522 1345 611 1404 κρέ’
643 1346 748 1404 ἡμῖν
774 1349 881 1393 ἐστί.
937 1351 993 1396 Β.
1023 1349 1173 1408 πότερ’
1203 1351 1370 1408 ἔπεμψέ
1398 1366 1483 1406 τις;

322 1433 380 1477 A.
412 1428 490 1473 οὐκ
518 1428 616 1472 ἀλλ’
648 1430 813 1475 ἔθυσεν
840 1431 866 1485 ἡ
898 1431 1019 1488 γυνή.
1075 1434 1132 1479 Β.
1158 1433 1209 1477 τὸ
1237 1434 1421 1491 μοσχίον

321 1515 372 1558 τὸ
402 1515 477 1566 τῆς
507 1512 715 1572 Κορώνης
743 1513 897 1574 αὔριον
926 1515 1226 1573 δειπνήσομεν.

322 1621 555 1660 Athenaeus
585 1619 686 1662 V111
714 1632 756 1674 p.
786 1619 931 1661 3590:
971 1612 1147 1669 ἥδιστος
1186 1616 1233 1660 δ’
1267 1619 1359 1660 ἐστὶ
1387 1619 1461 1660 καὶ
1489 1616 1514 1661 ὁ
1542 1622 1663 1678 παρὰ

211 1685 271 1745 τῷ
299 1684 416 1745 αὐτῷ
443 1685 602 1745 ποιητῇ
644 1689 896 1743 (praecessit
925 1690 1107 1744 Ephippi
1136 1691 1277 1745 ecloga
1307 1704 1356 1732 ex
1384 1691 1580 1746 Philyra)
1615 1690 1663 1732 ἐν

211 1758 304 1808 τοῖς
351 1754 690 1813 Ὀβελιαφόροις
734 1757 957 1808 νεανίσκος
993 1756 1351 1815 κατασμικρύνων
1395 1753 1572 1801 ἅπαντα
1608 1759 1665 1802 τὰ

211 1827 315 1882 περὶ
344 1825 424 1877 τὴν
454 1823 657 1881 ὀψωνίαν
684 1828 759 1868 καὶ
786 1827 921 1880 λέγων
948 1820 1033 1868 ὦδε
1059 1826 1188 1870 Ἀλλ’
1217 1826 1438 1885 ἀγόρασον
1465 1829 1554 1873 κτλ.
1597 1832 1663 1874 Si-

209 1899 404 1940 millimus
444 1911 586 1940 versus
629 1912 678 1939 ex
706 1899 925 1940 Nicostrati
953 1900 1118 1953 Antyllo
1146 1902 1311 1954 Fragm.
1342 1901 1402 1941 111
1440 1905 1482 1941 et
1509 1903 1663 1944 Eubuli

214 1965 348 2008 Τιτθ.
365 1981 405 2020 p.
423 1967 507 2008 258
536 1973 871 2021 comparaveruut
899 1970 980 2009 iam
1009 1970 1089 2010 elii.
1147 1970 1253 2012 Vs.2
1272 1961 1391 2009 ἅπαν
1405 1970 1662 2013 Dindorfius:

207 2037 301 2078 libri
329 2029 518 2078 ἅπαντα.
560 2039 768 2080 Porsonus
795 2030 973 2078 ἅπαντα
999 2035 1081 2093 γὰρ
1111 2034 1343 2079 ἱκάν’ἐστί.
1392 2041 1500 2081 Tum
1529 2035 1662 2095 φράζε

208 2102 262 2156 δή
299 2119 401 2146 ποτε
430 2107 516 2150 VL.
564 2102 714 2162 φράζει
743 2106 789 2148 δέ
818 2121 921 2148 ποτε
951 2109 1071 2151 ΑΒΡ.
1129 2109 1400 2150 Probabiliter
1425 2110 1666 2153 Dindorfius
1700 2109 1702 2168 j

206 2178 369 2219 coniicit
398 2170 530 2231 φράζε
559 2173 610 2215 δ’
642 2169 673 2216 ὅ
697 2173 740 2216 τί
768 2191 887 2221 ποτε.
946 2199 1002 2206 -·
1058 2180 1129 2222 Vs.
1159 2180 1187 2220 3
1215 2173 1497 2234 καθαρείως.’
1520 2180 1584 2220 [ta
1609 2180 1658 2222 G.

204 2243 435 2302 καθαρίως
463 2247 584 2289 PVL.
653 2248 889 2301 Sequuntur
925 2250 1059 2290 verba·
1085 2241 1115 2289 δ’
1148 2262 1191 2289 τι
1226 2237 1355 2305 &Buff
1392 2244 1530 2296 ὁσίας.
1595 2249 1664 2291 Ita¹
1697 2284 1702 2300 ¹

207 2317 315 2359 enim
343 2321 460 2358 recte
489 2317 764 2359 Casaubonus.
805 2320 842 2362 V
871 2311 901 2359 ὅ
922 2332 963 2358 τι
993 2313 1048 2358 ἂν
1075 2314 1214 2367 ὁσίας.
1250 2320 1284 2360 L
1314 2311 1407 2359 ὅττι
1435 2311 1490 2356 ἂν
1517 2313 1666 2366 ὁσίας.
1696 2314 1702 2369 ζ’

204 2388 275 2429 AB
304 2378 337 2426 ’ὁ’
361 2399 403 2426 τι
431 2381 655 2435 ἀνοησίας.
711 2387 744 2427 Ρ
774 2379 803 2427 ὅ
827 2401 871 2428 τι
899 2384 1093 2436 ἀνοσίας.
1153 2413 1209 2421 --
1264 2388 1334 2430 Vs.
1363 2388 1391 2427 4
1425 2383 1659 2429 τευθίδιον

207 2460 396 2510 correpta
439 2457 760 2509 antepenultima
802 2459 924 2509 dixit,
969 2463 1014 2499 ut
1054 2458 1323 2500 Pherecrates
1365 2458 1481 2499 Pers.
1521 2459 1541 2499 1
1583 2460 1653 2500 1⁰.
1694 2446 1695 2460 ¹

206 2527 327 2579 Apud
355 2526 562 2567 Eubulum
591 2539 732 2568 versus
760 2528 818 2568 ita
845 2529 1019 2582 scriptus
1050 2533 1124 2579 est,
1154 2523 1278 2575 ὁσίας
1306 2524 1448 2578 ἕνεκα,
1478 2522 1654 2576 σηπίδι”

206 2588 236 2643 ἢ
262 2592 482 2646 τευθίδια,
513 2596 664 2638 omisso
693 2591 818 2652 ἀρκεῖ
841 2603 882 2640 et
905 2599 1125 2652 penultima
1154 2599 1194 2640 in
1218 2593 1425 2638 τευθίδια
1446 2597 1656 2652 producta.
1690 2625 1691 2641 ι

1696 2514 1700 2538 4

300 2738 333 2781 ⁸)
357 2739 397 2773 V.
420 2739 509 2774 Hist.
534 2741 609 2777 crit.
631 2753 665 2785 p.
688 2742 769 2776 353.
