1702 3158
144 171 146 173 ’
214 188 295 227 212
847 185 1058 225 Ermum

437 292 801 347 παρεντέτρωκται
830 292 983 339 τευθὶς
1010 291 1298 346 ἐξωπτημένη,

388 385 396 393 ·
439 373 781 428 παρεγκέκαπταί
811 369 852 413 τ’
885 370 1009 428 ἆρνί’
1041 371 1156 414 ἐννέ’
1187 370 1216 424 ἢ
1244 374 1360 417 δέκα.

358 460 408 496 10
437 452 544 497 ὥστ’
578 457 621 497 εἶ’
643 472 681 496 τι
715 453 859 508 βούλει
887 455 974 511 τῶν
1002 456 1283 511 λελειμμένων
1312 457 1478 512 φαγεῖν,

439 537 574 592 ἔπειγ’
606 537 753 593 ἔπειγε,
785 537 845 593 μή
876 537 990 580 ποθ’
1021 537 1078 588 ὥς
1107 538 1231 588 λύκος
1256 537 1402 594 χανών

440 623 511 663 καὶ
542 619 672 662 τῶνδ’
705 619 912 678 ἁμαρτών
941 618 1119 678 ὕστερον
1147 622 1304 678 συχνὸν
1333 621 1512 679 δράμῃς.

325 764 559 804 Athenaeus
590 763 686 805 xlv
716 777 758 815 p.
790 765 931 803 622e:
972 756 1135 816 Σόφων
1163 789 1214 795 -
1244 757 1443 816 μάγειρος
1471 754 1658 812 γεγωνό-

215 843 337 884 τερον
367 829 623 885 ἐφθέγγετο,
652 828 709 878 ὠς
738 829 905 878 πάντας
933 827 1114 880 nimian,
1143 828 1198 870 τὰ
1227 830 1271 881 ἐξ
1301 827 1449 883 Αὔγης
1477 827 1557 878 ἔπη
1576 824 1658 867 Εὐ-

215 895 377 950 βούλου
413 900 466 939 Τί
494 890 524 939 ὦ
557 896 713 953 πόνηρ’
745 900 829 940 κτλ.
905 902 975 942 Vs,
1008 903 1027 940 l
1075 897 1230 948 πύλαις
1259 903 1362 942 ΛΒΟ
1402 905 1443 940 et
1482 900 1659 952 epitome

215 969 466 1009 Hoeschelii.
524 966 682 1015 πάλαις
712 971 796 1011 VL.
855 966 1010 1016 πύλαις
1046 966 1204 1016 πάλαις
1244 971 1276 1009 Ρ
1316 971 1450 1009 deleta
1487 962 1658 1012 πάλαις.

215 1037 469 1089 Dindorfius.
528 1065 580 1070 —
638 1040 709 1080 Vs,
734 1039 760 1077 5
789 1034 1053 1086 κατηλόηται
1083 1039 1192 1080 Ἦ..’
1210 1034 1470 1086 κατηλόκται
1498 1039 1543 1077 C.
1583 1048 1659 1075 κα-

214 1104 440 1153 τηλοισται
470 1107 551 1146 ΑΒ.
611 1105 868 1154 κατηλισται
909 1107 1203 1160 (superscripto
1232 1108 1276 1158 ο)
1315 1108 1363 1147 Ρ.
1419 1131 1473 1139 ——-
1531 1105 1602 1146 Vs.
1632 1104 1658 1141 6

213 1170 525 1228 κατῃσίμωται.
560 1176 591 1213 Β
622 1173 936 1227 κατασίμωται.
977 1200 1032 1208 --
1070 1177 1139 1217 Vs.
1169 1178 1195 1216 7
1224 1172 1506 1225 ἐνωγάλισται
1533 1185 1659 1224 ogno-

211 1244 287 1283 scit
322 1243 402 1283 hoc
436 1244 526 1282 loco
556 1244 800 1284 Eustathius
839 1245 888 1284 ad
921 1245 1089 1284 Homer.
1120 1258 1160 1297 p.
1191 1246 1300 1284 1163
1336 1244 1411 1283 23:
1448 1236 1658 1292 ἀναλογία

212 1309 257 1349 δὲ
295 1309 372 1350 τοῦ
411 1307 696 1362 ἐνωγάλισται
730 1309 842 1352 κατὰ
881 1310 932 1351 τὸ
969 1308 1166 1362 κε’κτητῦιι
1202 1309 1376 1361 ἔκτηται
1413 1337 1467 1344 -
1506 1309 1579 1349 καὶ
1607 1306 1657 1348 τὸ
1694 1315 1702 1330 ⁶

211 1377 414 1429 ε’κπέπηξε
454 1378 637 1433 ε’ᾳέπηξε
676 1381 799 1430 (sort.
830 1379 1053 1420 ἐκπεπίακε
1082 1378 1302 1431 ἐξεπίακε)
1343 1377 1460 1433 παρὰ
1490 1378 1549 1434 τῷ
1575 1392 1658 1417 κω-

212 1447 335 1503 μικῷ,
366 1448 441 1487 καὶ
472 1447 717 1488 τέθλασται
746 1448 979 1490 ἔθλασται.
1030 1453 1122 1491 Hoc
1150 1457 1397 1503 postremum
1428 1449 1656 1501 exemplum

211 1523 253 1558 et
291 1519 368 1558 alia
402 1519 550 1558 ibidem
593 1520 642 1558 ab
680 1520 895 1559 Eustathio
937 1520 1079 1568 allata,
1126 1520 1262 1559 multis
1302 1519 1499 1558 simiiibus
1535 1518 1654 1557 facile

210 1588 395 1639 augenda
424 1590 485 1638 ²⁴¹),
523 1588 623 1627 nihil
653 1599 866 1628 commune
895 1589 1047 1629 habent
1075 1602 1166 1628 cum
1197 1588 1371 1628 mirabili
1398 1589 1469 1627 illo
1497 1581 1657 1637 ε’νωγά-

210 1653 374 1705 λισται,
405 1657 512 1707 quod
542 1669 622 1695 non
653 1658 781 1709 magis
812 1658 891 1697 dici
920 1659 1052 1710 potuit
1081 1671 1200 1709 quam
1231 1657 1339 1709 quod
1368 1656 1476 1696 idem
1508 1657 1655 1695 Eusta-

210 1726 320 1765 thius
359 1726 438 1765 alio
479 1726 569 1764 loco
598 1739 639 1777 p.
668 1727 750 1765 759
779 1727 847 1767 43.
884 1728 952 1767 46.
982 1727 1036 1767 49
1066 1732 1106 1767 et
1135 1740 1175 1779 p.
1207 1727 1315 1766 1570
1344 1726 1397 1766 25
1437 1738 1486 1764 ex
1523 1725 1681 1764 incer-⁷

210 1794 262 1834 tis
292 1795 555 1846 scriptoribus
586 1799 700 1833 etex
738 1796 904 1834 Cratino
941 1797 1075 1835 attulit
1114 1789 1385 1846 ἐχάλκευται,
1421 1788 1654 1845 ἑβούλευκε,

182 1856 427 1911 »ἐξεπίακεν
457 1868 497 1901 et
526 1859 890 1913 ἑπατταλευμένος
919 1864 1093 1913 (Cratini
1121 1863 1266 1915 fragm.
1288 1876 1329 1916 p.
1350 1864 1451 1913 1⁰7)
1480 1863 1544 1903 vel
1574 1875 1653 1914 quo

210 1932 460 1983 Hermippus
490 1932 740 1983 Pbormopb.
771 1933 868 1974 Vlss
897 1946 937 1985 p.
967 1934 1050 1972 413
1079 1928 1294 1972 usus‘esse
1324 1933 1470 1972 dicitur
1495 1927 1654 1979 ἀπεδη-

208 1996 352 2052 μηκώς
380 2013 454 2051 pro
485 1995 834 2052 ἀποδεδημηκώς.
901 2002 1020 2053 Apud
1051 2002 1320 2054 Hermippum
1359 2001 1533 2040 fortasse
1563 2001 1653 2040 bar-

209 2069 330 2108 barus
369 2069 514 2119 aliquis
552 2069 807 2121 loquebatur.
872 2072 1058 2111 Eubulus
1100 2077 1234 2110 autem
1271 2083 1350 2110 non
1388 2070 1527 2109 dubito
1557 2070 1653 2120 quin

210 2138 417 2189 scripserit
446 2135 767 2189 νενωγάλισται.
825 2141 984 2179 Ceteris
1014 2140 1207 2191 exemplis
1237 2141 1286 2179 ab
1315 2140 1527 2179 Eustatbio
1555 2139 1653 2178 ana-

209 2207 262 2245 tis
301 2219 380 2245 non
418 2208 529 2257 prius
565 2208 687 2247 fidem
725 2208 910 2258 habebo,
952 2210 1028 2249 nisi
1058 2214 1269 2261 postquam
1298 2198 1384 2260 ipen
1412 2209 1652 2259 scriptorum

210 2275 299 2313 loca
327 2280 488 2326 reperta
518 2275 682 2316 suerint.
713 2301 767 2307 —
797 2279 908 2318 Vs.9
940 2275 1282 2330 παρεγκέκαπται
1296 2277 1580 2317 ValckAuim.
1601 2277 1651 2314 ad

210 2345 398 2383 Ammon.
418 2357 454 2395 p.
472 2346 538 2384 21.
571 2347 683 2384 Libri
703 2345 1058 2396 παρεκκέκαπται.
1089 2340 1191 2385 Ιὺῖᾶ.
1207 2351 1428 2398 praeeunte
1443 2345 1650 2384 Dalecam-

209 2411 276 2461 pio
295 2424 385 2450 cum
404 2399 611 2453 unium-fio
626 2416 768 2466 scripsi
786 2409 826 2453 τ’
845 2409 983 2467 ἁρνίῖ
1000 2415 1099 2454 Cod.
1117 2416 1150 2454 A
1168 2409 1378 2466 στέρανι’.
1391 2415 1422 2452 Β
1439 2406 1649 2464 στεράνι’.

209 2477 316 2520 PVL
334 2475 516 2533 στάρνι’.
546 2483 633 2522 Nec
650 2490 782 2523 tamen
803 2485 890 2524 sine
909 2483 1135 2524 offensione
1156 2488 1232 2532 est,
1261 2488 1405 2523 nove'm
1424 2481 1489 2521 vel
1508 2481 1649 2520 decem

300 2647 336 2692 ⁴)
359 2650 412 2682 Ex
437 2650 620 2684 rarioiibus
653 2654 705 2685 est
736 2650 826 2695 quod
855 2651 890 2684 in
923 2655 1056 2686 vetusto
1087 2652 1184 2713 titulo
1223 2651 1454 2693 Corp.1nscr
1479 2650 1491 2682 1
1523 2660 1579 2682 no.
1603 2650 1645 2681 ll

204 2705 362 2748 legitur}
349 2711 539 2753 ἕγραμμαι
562 2710 619 2743 ubi
644 2711 722 2745 vide
746 2710 967 2744 Boeckbium.
