1702 3158
622 141 907 187 nmmum.

32 264 276 320 Penelope?
305 260 456 303 meruit
482 259 519 302 si
548 258 880 312 Glytaemuestre
907 255 1096 310 probum,

31 339 209 383 Alcestis
238 334 402 377 laudem
432 342 610 384 oppono.
668 328 779 369 forte
809 327 957 381 aliquis
986 316 1086 367 mibi

30 409 261 451 Phaedram
291 403 524 450 accusabit;
553 400 628 440 sed
656 399 736 439 fuit
764 411 929 439 rursum
959 399 1080 447 boun,

29 480 108 521 fuit
138 480 243 520 bona
272 475 408 527 aliqua
436 471 598 512 muiier.
658 469 741 509 heu
771 468 898 509 miser
926 468 1105 509 haereo:

31 564 124 592 nam
154 550 234 590 cito
264 545 458 587 mulieres
487 555 554 583 me
584 541 862 582 destituerunt
892 540 1040 590 bonae,

32 620 266 676 complures
296 626 540 658 enumerare
567 624 662 656 cnm
688 609 848 664 possim
877 611 1018 652 malas.

433 791 511 833 Ex
539 790 779 834 FABULIS
812 789 1095 833 INCERTIS.

754 882 786 922 1.

30 971 94 1014 Ad
124 981 292 1011 coenam
322 966 440 1007 nobis
469 965 631 1012 invitati
659 971 756 1011 sunt
785 965 868 1010 duo

29 1041 219 1084 homines
247 1037 388 1079 invicti
419 1037 678 1080 Philocrates
707 1042 751 1078 et
784 1035 1067 1077 Philocrates:

31 1124 211 1165 namque
240 1122 344 1150 unus
375 1121 468 1149 cum
501 1109 568 1158 sit,
599 1120 693 1148 esse
723 1119 818 1148 eum
848 1105 953 1146 duco
986 1105 1104 1154 duos,

33 1188 104 1225 aut
134 1188 234 1232 tres,
265 1184 308 1221 et
334 1191 518 1233 magnos,
547 1179 697 1235 potius.

748 1262 801 1304 11.

2 1348 4 1352 ’
35 1337 118 1380 Ubi
146 1347 319 1388 namque
348 1335 558 1376 Homerus
590 1346 837 1388 quemquam
868 1331 970 1372 fecit
999 1330 1182 1384 piscibus

3 1412 4 1415 ’
33 1412 266 1450 vescentem
295 1405 527 1446 Achivum?
556 1418 722 1450 carnem
753 1404 968 1444 torrebant
998 1402 1147 1442 modo:

34 1491 208 1533 namque
238 1477 455 1518 elixantem
485 1475 588 1517 fecit
618 1488 762 1517 eorum
791 1475 1014 1516 neminem.

736 1560 813 1601 ln.

5 1624 7 1671 ᾗ
37 1632 268 1676 Absurdum
296 1646 394 1674 vero
425 1638 487 1673 est
515 1645 682 1688 semper
712 1631 824 1684 quod
853 1630 993 1670 vinum
1024 1639 1151 1669 senex

38 1704 320 1746 meretricibus
349 1704 564 1745 laudatur:
595 1708 637 1743 at
666 1706 811 1745 contra
840 1701 974 1741 virum

5 1810 8 1842 1
38 1779 190 1829 quanto
222 1780 285 1817 est
312 1775 499 1816 iuvenior
527 1776 702 1829 quisque
731 1771 970 1827 praefertur
999 1769 1102 1811 seni.

729 1857 803 1898 IX.

698 1928 947 1976 Brassicam‚

38 1998 198 2050 mulier,
225 1998 260 2040 si
289 1999 474 2041 attuleris
503 2001 556 2042 ad
585 2000 850 2049 vomendum,
881 1997 1109 2052 crapulam,

8 2095 9 2098 =
42 2068 86 2110 ni
113 2068 249 2120 fallor,
278 2082 441 2112 omnem
472 2071 662 2124 protinus
692 2070 948 2116 discusseris.

731 2155 768 2196 X
795 2184 805 2196 .

9 2236 11 2238 ·
43 2222 190 2265 Vluum
219 2224 384 2277 quidem
414 2226 538 2267 animi
566 2227 685 2268 nobis
715 2155 898 2267 melntem
929 2221 1166 2265 obnubilat:

10 2298 12 2305 '
44 2298 86 2336 at
112 2307 214 2348 aqua
243 2296 431 2338 bibentes
459 2299 592 2352 ipsam
623 2299 816 2343 sollertes
846 2297 962 2337 facit.

773 2383 849 2422 ΙΙΙ.

46 2447 119 2490 ms
144 2451 242 2504 ipsis
271 2452 511 2493 sacrificatis
541 2454 599 2494 nil
629 2383 797 2508 ρηξῐξι·
827 2453 965 2495 femur

12 2536 13 2539 ¹
49 2520 304 2577 multamque
333 2522 455 2568 offam
486 2527 678 2577 tanquam
707 2522 1095 2580 pullipremonibus.

1143 2810 1249 2850 43*

1419 135 1507 180 076
