1702 3158
626 121 909 166 EUBULUS.

22 245 153 288 multo
181 243 343 284 minore
371 239 506 294 pretio
536 249 666 293 panes
696 238 898 277 veneunt:

24 319 112 358 erut
143 318 279 355 autem
310 312 382 352 ille
412 310 601 352 esuritor.
661 311 702 348 at
731 307 775 347 in
806 311 898 347 astu
928 305 1112 347 Atticum

23 386 299 439 Amphionem
328 384 390 423 ire
418 381 540 422 iussit
574 378 912 427 musicissimum‚

23 458 95 498 ubi
124 456 249 496 facile
278 453 396 507 pueri
426 451 703 504 Cecropidum
733 449 914 489 tolerant
943 446 1112 495 famem,

23 531 241 570 vescentes
270 526 391 575 auris,
424 536 469 564 se
498 523 697 563 laetantes
728 520 931 574 speribus.

519 684 987 732 ΑΣΤΥΤΟΙ.

24 781 90 825 Ah
120 780 280 828 mulier,
311 792 363 819 ne
392 782 437 819 tu
467 790 621 833 quaeso
651 777 834 817 lactucas
865 774 966 815 mihi

25 852 74 892 ad
105 863 285 891 mensum
316 862 490 902 appone,
521 854 591 890 aut
622 853 665 888 tu
696 852 738 887 te
769 858 916 887 accusa
945 849 1105 899 postea.

20 934 195 974 namque
225 921 275 960 ad
306 921 396 960 olus
425 920 540 970 illud,
572 922 691 959 vetus
720 922 766 958 ut
795 922 934 958 narrat
963 916 1119 964 fabula,

21 992 196 1034 Adonim
228 991 432 1043 deposivit
462 991 690 1031 exanimem
720 989 886 1031 Venus:

22 1063 139 1105 cibus
167 1062 265 1103 inde
294 1067 357 1103 est
386 1061 612 1104 mortualis.

574 1190 936 1232 ΑΥΓΗ.

30 1282 115 1323 Iam
145 1293 322 1335 propera
350 1293 538 1333 propera,
568 1292 620 1320 ne
649 1279 810 1319 hiatans
839 1279 880 1318 in
913 1291 1071 1320 morem
1103 1280 1190 1334 lupi

33 1353 105 1394 ubi
131 1351 195 1392 his
226 1351 426 1392 excideris
455 1352 610 1392 frustra
639 1363 779 1390 curras
809 1355 967 1404 postea.

440 1493 483 1535 Γ
502 1494 547 1534 Λ
578 1494 621 1535 Ν
659 1494 697 1536 Υ
726 1495 782 1536 M
812 1495 862 1536 H
892 1496 927 1536 A
958 1497 1013 1538 H
1039 1497 1092 1540 Σ.

0 1580 168 1625 7ἲῖίιπίῐιο
197 1581 336 1623 miseri
366 1585 450 1624 est:
481 1583 554 1623 alit
584 1582 701 1624 illum
731 1596 870 1637 sopor.

462 1725 1044 1772 ΔΙΟΝΥΣΙΟΣ.

25 1814 179 1856 contra
207 1826 375 1855 severos
404 1814 474 1855 ille
503 1819 566 1855 est
597 1811 900 1855 co‘ntumacior:

21 1885 162 1939 generi
191 1889 467 1927 assentantum
497 1885 656 1927 facilis:
686 1885 919 1927 iniritabilis

23 1954 144 1996 etiam
173 1956 337 1997 cavillos
365 1957 408 1997 in
438 1970 484 1998 se
511 1956 807 1998 iactitantihus.

23 2025 105 2068 siut
131 2028 312 2079 quamvis
341 2028 463 2078 servi,
492 2029 574 2070 hos
601 2027 713 2068 solos
743 2029 949 2080 ingenuos
980 2034 1110 2083 putat.

536 2199 966 2244 ΕΥΡΩΠΗ.

484 2289 628 2329 Conde
657 2290 862 2330 Boeotum
894 2289 1107 2343 oppidum,

0 2397 1 2402 ,
24 2354 93 2398 ubi
119 2360 213 2398 sunt
240 2357 315 2398 viri
342 2358 467 2399 edere
496 2360 655 2400 strenui
685 2363 818 2400 totum
850 2360 972 2401 diem.

624 2527 654 2568 I
708 2525 752 2568 Ω
813 2529 872 2571 Ν.

2 2609 6 2615 ’
28 2607 87 2650 lte
114 2615 174 2651 eut
202 2624 393 2666 supreme
422 2613 606 2655 moribus
633 2615 855 2665 Boeoticis,

3 2681 71 2726 ,πί
94 2692 212 2734 poene
242 2696 335 2725 eum
366 2697 458 2726 cum
488 2689 634 2726 coenat
663 2686 830 2739 impleri
861 2689 1027 2739 negent.

1412 123 1494 167 6⁷1
