1702 3158
255 191 338 233 548
859 185 1105 228 DIONst

423 294 547 339 πολύ.
606 293 845 349 στρατηγὸς
874 293 957 343 πᾶς
986 292 1162 336 καλεῖθ’
1196 292 1242 344 ὃς
1273 292 1328 336 ἂν
1357 293 1470 354 λάβῃ

424 376 640 433 δύναμιν,
668 376 691 418 ὁ
721 377 870 432 μέντοι
900 375 1136 432 δυνάμενος
1165 378 1245 420 κάν
1275 377 1523 435 πράγμασιν

424 459 764 515 ἀναστραφῆναι
791 461 866 501 καὶ
898 460 1140 515 διαβλέψαι
1169 461 1211 503 τί
1242 477 1327 503 που

429 540 673 601 στρατηγός
705 543 842 596 ἐστιν,
872 540 1041 598 ἡγεμών
1071 544 1115 585 δὲ
1144 541 1349 600 θάτερον.

347 630 400 669 15
429 622 566 676 οὕτως
595 624 671 683 ἐφ’
700 624 807 681 ἡμῖν
836 624 1044 670 σκευάσαι
1072 628 1151 681 μὲν
1179 623 1206 677 ἢ
1236 631 1377 683 τεμεῖν

427 707 671 764 ἡδύσμαθ’
705 708 870 764 ἑψῆσαί
900 725 946 751 τε
975 712 1048 752 καὶ
1078 710 1224 766 φυσᾶν
1254 710 1302 753 τό
1332 711 1416 767 πῦρ

426 792 449 835 ὁ
480 791 618 848 τυχών
649 789 819 834 δύναιτ’
852 791 921 836 ἄν.
981 793 1194 851 ὀψοποιὸς
1225 793 1271 836 δ’
1301 786 1379 836 οὗν
1405 791 1542 850 μόνον

427 877 546 919 ἐστὶν
575 874 599 918 ὁ
629 875 839 928 τοιοῦτος,
866 875 890 918 ὁ
921 877 966 919 δὲ
994 875 1194 934 μάγειρος
1223 875 1328 920 ἄλλο
1358 893 1412 921 τι.

430 960 621 1002 συνιδεῖν
648 957 799 1011 τόπον,
827 955 958 1016 ὥραν,
989 959 1065 1002 τὸν
1092 960 1321 1014 καλοῦντα,
1351 960 1427 1003 τὸν
1455 957 1585 1003 πάλιν

344 1047 400 1086 20
430 1042 702 1093 δειπνοῦντα,
733 1039 838 1083 πότε
868 1043 936 1085 δεῖ
958 1044 1032 1085 καὶ
1060 1042 1147 1084 τίν’
1177 1040 1311 1099 ἰχθὺν
1339 1041 1551 1101 ἀγοράσαι

430 1124 506 1179 [οὐ
535 1124 612 1166 τοῦ
641 1120 880 1179 τυχόντος].
940 1123 1085 1167 πάντα
1113 1129 1192 1181 μέν
1220 1124 1351 1181 λήψει
1380 1127 1532 1183 σχεδὸν

430 1207 495 1250 ἀεὶ
524 1205 629 1264 γάρ,
659 1204 737 1250 οὐκ
765 1206 832 1249 ἀεὶ
863 1208 909 1250 δὲ
936 1208 1016 1260 τὴν
1045 1207 1208 1251 τούτων
1231 1207 1359 1267 χάριν

426 1290 530 1347 ἔχεις
558 1290 729 1347 ὁμοίαν,
759 1288 863 1333 οὐδ’
895 1292 998 1344 ἴσην
1024 1291 1103 1344 τὴν
1130 1291 1307 1346 ἡδονήν.

424 1372 745 1431 Ἀρχέστρατος
774 1375 960 1431 γέγραᾳέ
990 1391 1034 1417 τε
1063 1377 1135 1418 καὶ
1165 1374 1387 1429 δοξάζεται

343 1461 398 1502 25
427 1456 546 1514 παρά
574 1470 690 1499 τισιν
718 1453 853 1508 οὕτως
880 1456 937 1508 ὠς
965 1460 1099 1514 λέγων
1126 1475 1169 1502 τι
1193 1459 1420 1517 χρήσιμον,

426 1539 483 1582 τοὶ
513 1539 653 1583 πολλὰ
683 1539 730 1581 δ’
760 1539 941 1595 ἠγνόηκε
970 1540 1095 1584 κούδὲ
1123 1539 1170 1584 ἓν
1198 1544 1320 1598 λέγει.

429 1623 489 1679 μὴ
521 1621 653 1665 πάντ’
684 1621 810 1666 ἄκουε
838 1625 948 1680 μηδὲ
978 1623 1123 1668 πάντα
1151 1625 1373 1684 μάνθανε,

431 1706 517 1749 τῶν
546 1704 703 1761 βιαίων
731 1705 839 1750 ἔσθ’
873 1708 994 1750 ἕνεκα
1022 1708 1076 1750 τὰ
1104 1713 1390 1766 γεγραμμένα,

425 1788 525 1833 κενά
549 1790 717 1846 μᾶλλον
746 1787 774 1842 ἢ
803 1787 870 1833 ὅτ’
903 1783 957 1843 ἦν
986 1791 1153 1834 οὐδέπω
1182 1799 1468 1852 γεγραμμένα,

346 1879 402 1918 30
431 1871 532 1915 οὐδ’
565 1873 682 1916 ἔστιν
711 1870 845 1915 εἰπεῖν
873 1876 968 1931 περὶ
996 1877 1265 1932 μαγειρικῆς·
1293 1880 1385 1922 ἐπεὶ

427 1950 514 1998 εἶπ’
546 1956 701 2013 ἀρτίως

425 2035 529 2094 ὅρον
556 2040 637 2096 γάρ
659 2038 736 2083 οὐκ
765 2039 951 2096 ἔσχηκεν,
982 2033 1036 2084 οὗ
1062 2041 1086 2084 ὁ
1116 2043 1276 2099 καιρός,

429 2122 537 2173 αὐτ-ὴ
568 2121 616 2164 δ’
650 2123 802 2175 ἑαυτῆς
830 2126 922 2166 ἐστι
952 2124 1182 2179 δεσπότης·
1212 2129 1288 2170 ἐὰν
1317 2127 1364 2170 δ’

429 2197 475 2247 εὗ
502 2209 582 2262 μὲν
611 2207 666 2249 σύ
690 2205 830 2265 χρήσῃ
860 2209 913 2267 τῇ
942 2210 1081 2267 τέχνῃ,
1110 2209 1186 2252 τὸν
1215 2212 1291 2264 τῆς
1318 2211 1445 2269 τύχης

344 2291 398 2331 35
427 2289 580 2346 καιρὸν
609 2288 658 2332 δ’
688 2289 915 2350 ἀπολέσῃς,
946 2291 1260 2350 παραπόλωλεν
1286 2295 1313 2348 ἡ
1343 2298 1479 2353 τέχνη.

429 2376 483 2416 Β.
511 2373 743 2430 ἄνθρωπε,
771 2377 905 2430 μέγας
934 2368 983 2419 εἶ.
1042 2380 1098 2422 Λ.
1129 2382 1300 2422 τουτονὶ
1329 2380 1376 2422 δ’
1408 2381 1458 2424 ὃν
1486 2380 1640 2438 άρτίως
1693 2392 1699 2439 ,ᾗ

424 2458 532 2516 ἔφης
561 2457 713 2514 ἔχοντα
743 2461 896 2515 πεῖραν
924 2455 1041 2510 ἥκειν
1069 2463 1312 2505 πολυτελῶν

427 2542 596 2584 πολλῶν
625 2557 669 2582 τε
698 2541 883 2584 δείπνων
910 2543 1228 2597 ἐπιλαθέσθαι,
1258 2545 1408 2602 Σιμία,

425 2624 599 2667 πάντων
628 2622 811 2678 ποιήσω,
840 2628 973 2682 θρῖον
1002 2624 1057 2669 ἂν
1087 2629 1207 2680 δὶίξω
1236 2629 1373 2684 μόνον

338 2711 393 2750 40
424 2708 618 2765 παραθῶ
647 2725 689 2750 τε
720 2709 895 2751 δεῖπνον
923 2708 1021 2761 ὄζον
1050 2709 1185 2767 αὔρας
1215 2712 1399 2767 άττικῆς,
