1702 3158
220 161 423 205 ΓΥΝΑΙ
429 160 470 203 Κ
478 157 573 203 ΟΜ
574 157 747 202 ΑΝΙΑ.
819 151 1273 202 ΔΕΞΙΔΗΜΙΔΗΣ.
1406 159 1494 203 305

21 277 264 323 Εωῐαίῐιίοε
297 292 338 333 p.
369 278 455 319 518
483 278 540 319 42
574 277 618 318 in
659 274 828 316 vocibus
857 266 1159 328 αι’σχρολοιχὸς
1195 278 1239 315 et
1266 271 1496 328 ματιολοι-

16 345 107 406 χός,
137 364 187 392 ex
217 355 437 404 praecepto
467 347 697 389 Herodiani
726 345 835 400 apud
864 345 997 387 schol.
1026 344 1238 398 Aristoph.
1269 345 1379 387 Nub.
1394 346 1494 389 451.

23 424 167 475 ltaque
211 422 334 462 etiam
372 422 413 461 in
453 413 668 474 Amphidis
707 418 798 458 loco
841 417 987 469 scripsi
1016 412 1270 468 κνισολοιχέ.
1339 416 1415 457 cn·
1442 416 1495 458 ad

23 494 183 547 Sophili
202 493 306 532 Phil.
323 491 468 545 fragm.
489 491 540 531 11.
580 493 688 532 Ante
718 483 796 528 οὐκ
826 478 1071 534 ἔσθ’ὅπως
1101 487 1302 527 excidisse
1331 487 1496 528 videtur

22 563 86 616 μά
116 557 192 603 Δί’
225 563 290 602 vel
322 562 456 602 simile
485 561 604 614 quid:
636 574 728 602 nam
758 558 961 599 Dindorfii
990 559 1110 608 ratio,
1140 558 1210 610 qui
1237 557 1343 600 haec
1370 559 1497 601 verba

24 636 80 676 ita
109 633 346 675 constituit:

780 695 1009 754 Εὐρύβατε
1038 696 1295 751 κνισολοῖχε,

190 768 269 813 οὐκ
298 767 407 812 ἔσθ’
440 763 557 818 ὅπως
587 766 663 810 οὐκ
692 765 996 824 ὀλβιογάστωρ
1024 759 1069 809 εἶ
1093 764 1162 820 σύ,

23 849 70 885 ut
98 845 180 884 sint
208 845 407 896 reliquiae
424 855 619 882 versuum
648 846 999 890 tetrametrorum,
1031 845 1203 894 propter
1232 843 1501 892 anapaestum

23 916 67 956 ln
97 919 241 967 quarto
274 914 380 968 pede
411 913 475 952 vix
504 912 670 965 probari
700 917 849 964 potest.
922 912 982 953 De
1012 911 1214 965 Eurybati
1250 910 1419 950 nomine
1448 910 1502 951 ud

26 986 208 1026 convicia
253 984 491 1025 transducto
540 982 634 1022 vide
679 983 934 1024 Lobeckium
982 982 1189 1036 Aglaoph.
1226 993 1268 1034 p.
1300 981 1411 1021 1306
1458 985 1502 1023 et

26 1056 250 1109 Taylorum
281 1056 332 1094 ad
363 1053 607 1095 Aeschinem
639 1065 674 1093 c.
705 1053 816 1094 Ctes.
849 1067 888 1106 p.
903 1053 988 1094 527
1020 1053 1086 1094 ed.
1118 1053 1219 1093 Rsk.
1280 1051 1355 1105 Cfr
1383 1052 1500 1106 Apu-

27 1126 153 1166 leium
188 1126 204 1164 Ι
236 1140 276 1177 p.
304 1126 383 1164 321
417 1124 483 1164 ed.
514 1123 595 1163 Alt.
628 1127 670 1163 et
699 1123 922 1164 Aristidem
954 1123 1015 1164 111
1044 1136 1086 1177 p.
1106 1123 1190 1164 327
1219 1124 1271 1165 A.
1303 1123 1373 1164 ubi
1403 1135 1500 1165 cum

30 1196 280 1250 Phrynonda
310 1194 588 1248 coniungitur.
700 1181 705 1184 d

734 1278 808 1318 ΠΙ.

138 1362 398 1415 Hesychius,
436 1356 665 1404 Εὐκολεῖνε
722 1354 830 1416 ὅπερ
870 1360 949 1402 νῦν
985 1357 1195 1414 εὐβολεῖν.
1244 1355 1424 1417 ”Λμφις
1457 1357 1506 1401 ἐν

29 1429 378 1488 Γυναικομανίᾳ.
447 1433 531 1474 Pro
570 1428 762 1475 εὐκολεῖν
804 1435 838 1475 Ι.
866 1435 916 1476 F.
948 1434 1199 1484 Gronovius,
1237 1438 1286 1475 ut
1320 1433 1505 1487 postulat

27 1507 256 1565 litterarum
293 1505 445 1554 series,
486 1507 665 1546 correxit
704 1501 791 1547 εὗκ
803 1503 894 1558 υβε
907 1506 927 1545 ἴ
934 1517 982 1556 ν,
1031 1505 1085 1546 de
1122 1517 1205 1558 quo
1242 1505 1370 1546 verbo
1408 1503 1506 1545 vide

28 1577 243 1619 Pollucem
270 1576 349 1619 Vll
379 1576 476 1616 204.
523 1577 583 1617 IX
612 1577 682 1617 94.
752 1578 861 1618 Tum
892 1577 1023 1618 codex
1049 1571 1243 1629 Ἀμφεῖς
1273 1573 1320 1615 δὲ
1348 1586 1507 1628 γυναι-

27 1642 258 1707 κομανίαν,
288 1659 363 1700 pro
395 1659 476 1698 quo
505 1647 703 1689 Musurus
734 1648 862 1688 edidit
888 1633 1130 1700 Ἀμφὶσεΐς
1159 1643 1206 1686 δὲ
1235 1659 1504 1701 γυναικομα-

23 1713 142 1762 ,viam
201 1719 357 1761 Verum
387 1717 489 1758 vidit
519 1712 706 1772 Toupius
734 1719 912 1761 Emend.
944 1718 963 1759 Ι
987 1731 1028 1771 p.
1058 1716 1158 1757 4⁰6.

461 1925 1067 1972 ΔΑΚΤΥΛΙΟΣ.

141 2045 416 2090 Antiatticista
435 2058 477 2099 p.
497 2045 581 2086 1⁰4
609 2045 680 2088 25.
706 2040 845 2086 Κατ’
861 2040 958 2100 ἆγρ
969 2039 994 2085 ό
1005 2056 1049 2085 v:
1082 2038 1183 2085 ἀντὶ
1199 2038 1279 2084 τοῦ
1298 2039 1346 2082 ἐν
1374 2034 1508 2098 ἀγρῷ,

27 2110 200 2174 Ἀμφις
227 2113 466 2172 Δακτυλίῳ.

409 2277 1138 2328 ΔΕΞΙΔΗΜΙΔΗΣ.

860 2386 1167 2448 mammon,

59 2472 68 2493 ’
109 2487 111 2490 “
198 2479 255 2532 ὥς
283 2479 413 2524 οὐδὲν
441 2472 587 2524 οἶσθα
617 2479 734 2533 πλὴν
762 2478 1100 2538 σκυθρωπάζειν
1126 2474 1280 2536 μόνον,

197 2562 343 2624 ὥσπερ
370 2565 546 2623 κοχλίας
577 2565 750 2623 σεμναῖς
779 2565 974 2624 ἐπηρκώς
1003 2564 1081 2615 τὰς
1110 2561 1264 2621 ὀφρῦς.

151 2678 351 2736 Diogenes
379 2684 519 2726 Laert.
539 2684 601 2726 111
630 2685 686 2724 26
716 2687 758 2724 et
782 2684 861 2724 27:
894 2677 1092 2729 τοιοῦτος
1121 2672 1245 2719 δ’ὧ“ν
1275 2669 1513 2730 (Πλάτων)

43 2737 159 2800 ὅμως
187 2746 397 2807 ἐσκώφθη
427 2753 503 2796 καὶ
532 2750 669 2804 αὐτὸς
698 2749 784 2795 ὑπὸ
813 2751 902 2793 τῶν
929 2748 1145 2807 κωμικῶν.
1191 2745 1370 2805 ”Αμφις
1395 2742 1515 2801 Ἀμ-

95 2827 258 2864 Comoed.
282 2834 372 2867 med.
723 2854 726 2856 v
1172 2821 1229 2862 20
