1702 3158
450 143 665 189 ΑΔΕΛΦ
673 143 748 190 ΟΙ.
819 143 1109 190 ΑΙΠΟΛΟΙ.
1437 148 1527 191 885

36 269 156 324 gines
194 263 466 318 contemplari
507 264 716 306 videntur.
783 262 856 306 Vs·
892 264 915 304 1
956 263 1053 304 libri
1080 256 1105 302 ὁ
1136 255 1281 317 τρίτος
1310 257 1339 301 δ
1349 255 1361 271 ⁸
1392 250 1522 311 οὗτος

36 337 144 394 ἔχει,
183 337 295 391 quod
335 335 495 376 correxi
530 336 653 377 Curis
693 334 783 375 crit.
822 348 863 388 p.
893 335 965 396 74.
1041 334 1134 375 Nisi
1170 331 1294 388 φέρει
1335 334 1520 375 scribere

35 415 219 466 praestat
255 421 331 462 pro
373 402 469 458 ἔχει.
538 406 677 448 Verba
715 399 821 456 ᾀλλ’
854 400 996 459 ἔχαιρε
1033 403 1124 447 κτλ.
1181 404 1361 446 fortasse
1397 405 1520 447 alteri

36 478 328 523 interlocutori
357 477 577 518 tribuenda
606 481 715 518 sunt.

733 589 804 631 lv.

317 671 506 723 Meomjv
534 668 726 728 ἀκράτου
755 669 1016 728 θηρίκλειον
1046 668 1239 713 ἔσπασεν

314 754 469 809 κοίλην
497 754 829 815 ὑπερθύουσαν,

151 864 387 904 Athenaeus
417 863 477 903 XI
506 877 547 917 p.
578 863 660 903 471
681 876 718 904 e.
760 863 813 902 de
854 862 1067 903 thericleis
1093 860 1254 914 poculis
1286 859 1518 901 disserena:

30 928 207 985 ’Ἄλεξις
243 961 299 967 —
339 932 413 974 καὶ
449 930 497 972 ἐν
530 927 747 990 Ἱππίσκῳ
779 929 966 983 Μεστὴν
995 927 1186 988 ἀκράτου
1222 927 1314 972 κτλὶ
1390 931 1462 973 Vs.
1493 930 1521 970 2

39 1000 356 1060 ὑπερθύουσαν
386 1004 510 1047 ABP.
553 996 672 1059 ὕπαρ
703 999 912 1045 θύουσαν
942 1006 1029 1048 VL.

754 1119 806 1162 V.

155 1205 393 1247 Athenaeus
423 1203 485 1244 111
514 1216 556 1256 p.
588 1203 738 1244 120b:
783 1201 1036 1244 Φειδίππου
1065 1203 1130 1254 (Β
1167 1196 1428 1254 Φιδίππου)
1460 1198 1523 1251 δέ,

40 1272 115 1316 καὶ
145 1270 228 1329 γὰρ
257 1265 384 1321 οὗτος
414 1268 737 1328 ταριχοπώλης,
765 1268 945 1326 ”Αλεξις
983 1272 1030 1313 ἐν
1062 1269 1280 1327 Ἱππίσκῳ
1309 1266 1391 1312 κᾶν
1420 1269 1524 1311 Σω-

42 1340 203 1400 ράκοις.
263 1346 325 1385 De
356 1345 564 1397 Phidippo
596 1345 930 1396 salsamentario,
962 1346 1232 1399 Chaerephili
1263 1346 1374 1396 filio,
1404 1345 1524 1398 plura

42 1417 177 1458 attulit
189 1415 442 1458 Athenaeus.
474 1415 550 1457 Cfr
566 1415 647 1457 Th.
666 1416 834 1471 Bergkii
864 1418 999 1472 Epist.
1031 1418 1083 1459 ad
1099 1417 1352 1460 Schillerum
1367 1431 1408 1471 p.
1426 1416 1523 1459 150.

549 1651 1016 1697 ΛΔΕΛΦΟΙ.

206 1769 319 1828 Ἐγώ
354 1772 523 1816 δέδωκα
551 1771 635 1831 γάρ
665 1790 707 1817 τι
738 1774 946 1830 ταύταις,·
975 1772 1068 1818 εἶπέ
1096 1790 1187 1832 μοι.

212 1858 268 1901 B.
302 1856 380 1902 οὐκ
410 1856 510 1901 ἀλλ’
543 1858 784 1914 ἀπέδωκας,
815 1863 1016 1920 ἐνέχυρον
1047 1859 1193 1913 δήπου
1222 1857 1389 1916 λαβών.

156 1963 396 2005 Athenaeus
427 1965 484 2007 VI
514 1979 556 2019 p.
587 1966 670 2006 223
686 1965 718 2007 f.
756 1966 808 2007 de
839 1963 997 2006 δοῦναι
1026 1971 1069 2007 et
1099 1961 1349 2006 ἀποδοῦναι
1378 1979 1528 2020 agens:

38 2026 216 2086 ''Ategag
245 2030 295 2074 δ’
314 2033 361 2075 ἐν
386 2031 646 2093 Στρατιώτῃ
677 2064 730 2070 —
762 2035 838 2077 καὶ
867 2035 914 2078 ἐν
939 2034 1183 2091 Ἀδελφοῖς
1208 2033 1323 2089 Ἐγώ
1359 2034 1528 2076 δέδωκα

46 2102 136 2145 κτλ.
193 2106 328 2148 Versu
357 2108 541 2149 secundo
565 2121 643 2162 pro
673 2102 902 2158 ἀπέδωκας
941 2111 1038 2152 libri
1068 2103 1366 2157 ἀποδέδωκας.
1425 2110 1528 2150 Gor-

47 2175 154 2216 rexit
182 2177 466 2220 Casaubonus.

44 2327 70 2352 Ο

557 2360 1016 2406 ΛΙΠΟΛΟΙ.

162 2474 310 2517 Suidas
338 2476 399 2518 111
428 2491 471 2532 p.
498 2478 597 2519 434.
642 2473 710 2517 Τὰ
746 2472 848 2531 τρία
878 2474 967 2516 τῶν
995 2470 1055 2525 εἰς
1085 2471 1315 2517 θάνατονε
1357 2474 1449 2524 τοῖς
1475 2468 1535 2523 εἰς

17 2560 21 2564 «
57 2535 262 2584 θάνατον
303 2547 614 2603 κατακριθεῖσι
655 2544 757 2603 τρία
800 2544 1102 2603 παρετίθουν,
1156 2546 1304 2603 ξίφος,
1360 2543 1536 2602 βρόχον,

59 2604 246 2654 κώνειον.
288 2640 343 2649 »-
385 2617 604 2672 μέμνηται
633 2615 813 2670 ”Αλεξις
851 2616 898 2658 ἐν
927 2613 1159 2666 Αἶπόλοις.
1226 2619 1310 2660 Pro
1349 2620 1415 2660 his
1454 2619 1537 2659 Ze-

61 2680 207 2722 nobius
235 2683 292 2724 Vl
320 2686 371 2726 11
403 2689 529 2732 habet
554 2686 851 2744 Ἀλέξανδρος
880 2687 926 2729 ἐν
956 2683 1184 2738 Αίπόλοις.
1230 2691 1281 2733 V.
1303 2691 1413 2732 Hist.
1446 2689 1536 2728 crit.

64 2763 108 2804 p.
138 2751 236 2792 488.
294 2753 357 2795 De
382 2758 503 2803 titulo
530 2761 697 2805 fabulae
728 2775 812 2804 non
842 2762 1109 2805 dubitandum
1138 2762 1326 2811 videtur,
1355 2758 1539 2813 quando-

120 2831 292 2868 Comoed.
313 2835 404 2871 med.
1215 2830 1272 2871 25
