1656 3146
0 0 17 144 f}

12 236 15 285 ;
38 228 120 271 alui
147 227 341 276 exterius,
371 225 414 266 id
438 228 665 267 retrorsum
694 223 890 277 redigunt
918 226 1123 274 touqunm'
1141 221 1343 278 trudibus.
1361 229 1379 260 ,ἰ

12 292 141 353 {quae
170 297 308 338 rufum
337 296 600 349 superciliata
628 298 706 344 est,
735 294 921 346 pingitur
949 293 1138 346 fuligine.

12 358 152 423 :ssnigra
180 370 213 408 si
244 381 322 420 qua
352 373 427 416 est,
458 367 510 406 de
540 377 707 407 cerussa
735 364 887 406 falsum
918 364 1140 405 candorem
1172 363 1312 407 trahit.

12 439 86 497 {qd
114 439 311 492 pallorem
342 438 379 478 si
410 449 490 489 qua
520 436 703 483 albescit,
735 435 837 475 haec
868 435 1043 476 acantho
1074 435 1302 488 inungitur.

12 511 188 552 'nudum
225 508 458 549 habendum
494 520 542 548 ac
578 506 841 559 promercale
879 507 915 547 si
946 506 1044 557 quid
1076 506 1296 558 pulchrum
1332 505 1374 547 iu
1415 517 1506 546 cor-

883 589 986 630 pore
1019 580 1098 618 est.

12 649 184 690 dentes
214 653 332 690 nacta
364 654 426 690 est
457 649 700 702 elegantes?
730 659 981 700 pernecesse
1012 650 1074 687 est
1103 647 1253 695 rideat,

12 724 83 760 ut
114 720 363 773 conspiciant
391 725 594 772 quotquot
620 719 772 761 adsunt
801 731 924 771 quam
954 718 1008 759 sit
1039 730 1114 758 ore
1146 718 1379 760 venustula.

12 813 14 823 ι
38 790 148 842 quod
176 790 211 830 si
238 791 364 831 risum
388 804 470 831 nou
500 790 676 840 amassit,
707 789 900 831 desidere
928 788 1038 828 intra
1068 789 1233 828 domum

39 861 197 912 cogitur
224 861 311 900 dies
342 865 578 913 perpetuos,
609 866 651 900 et
680 860 815 912 qualia
845 870 978 910 coquo
1010 859 1200 898 adiacent

36 942 128 971 cum
159 943 362 984 caprugna
392 932 524 983 capita
555 931 708 979 vendit,
738 930 811 970 tali
840 929 1035 982 myrrhae
1063 928 1244 969 frustula
1272 936 1275 939 “

36 1000 143 1041 labia
171 1003 418 1042 transtinere
450 1006 491 1041 et
521 1001 581 1041 ori
610 1000 753 1040 facere
782 999 1155 1051 intercapedinem,

35 1074 81 1112 ut
109 1072 207 1111 velit
236 1072 388 1112 nolitve
417 1072 567 1111 rictum
598 1075 797 1111 consuent
827 1067 1056 1110 diducere.'

0 1167 14 1198 '2
36 1141 187 1183 talibus
216 1143 359 1183 sutelis
388 1154 538 1195 corpus
568 1146 692 1195 atque
721 1138 878 1183 vultum
908 1139 1179 1195 interpolant.

646 108 864 158 Anum&
1425 109 1512 153 m

409 1275 1130 1323 ΚΥΒΕΡΝΗΤΗΣ.

11 1389 14 1412 1
34 1365 84 1408 A.
115 1365 300 1416 Parasiti,
330 1367 564 1417 Nausinice,
592 1381 791 1421 generum
823 1373 920 1409 sunt
948 1363 1100 1408 dulim:

0 1436 144 1490 prius
174 1437 341 1490 vulgare
369 1437 451 1478 hoc
481 1438 617 1479 rident
647 1440 758 1494 quod
788 1439 1044 1486 comoediae,

12 1516 108 1550 nos
135 1506 324 1548 homines
353 1509 445 1550 atri.
507 1510 559 1550 N.
593 1510 648 1550 At
678 1510 854 1549 alterum
887 1521 1040 1562 quaero
1072 1517 1221 1560 genus.

12 1555 83 1618 Δ.
113 1576 163 1617 1Ιὶ
192 1581 288 1618 sunt
317 1591 341 1617 e
370 1579 493 1632 plebe
524 1579 675 1630 eximii,
705 1580 872 1632 parasiti
902 1590 1063 1634 graves,

12 1645 141 1688 vitae
169 1647 406 1699 histriones,
435 1662 529 1691 cum
558 1651 790 1703 superciliis
818 1651 907 1692 suis

37 1717 368 1770 millenitalentis‚
397 1721 820 1774 attrahipatrimoniis.

11 1779 14 1792 ⁴
37 1799 162 1842 genus
189 1789 270 1830 hoo
298 1804 470 1843 remque
499 1805 664 1834 omnem
694 1793 833 1833 nosti?
890 1793 942 1835 N.
973 1793 1069 1835 Scio
1099 1805 1205 1847 quos
1233 1792 1428 1841 denotes,

0 1874 2 1876 ’
39 1857 224 1913 θαι-ερας
253 1862 472 1914 parasitos,
500 1877 669 1916 magnos
698 1864 911 1917 legionum
940 1864 1083 1906 duces.

0 1953 4 1959 ·
37 1929 86 1972 A.
112 1931 265 1973 Utrivis
293 1932 441 1976 horum
470 1947 686 1987 generum,
716 1948 770 1976 ne
800 1935 856 1975 sis
888 1935 1066 1984 nescius,

38 1997 146 2042 idem
172 2003 269 2044 artis
298 2004 445 2046 modus
474 2018 522 2047 ac
550 2005 684 2048 forma
713 2009 791 2055 est,
821 2007 1058 2047 assentatio.

12 2066 114 2112 sed
140 2076 185 2111 nt
209 2073 250 2114 in
278 2074 361 2115 vita
389 2076 514 2126 omni,
543 2077 603 2117 sic
631 2078 778 2119 horum
809 2077 911 2119 alios
940 2077 1096 2118 inclitis

12 2163 16 2218 }
43 2140 200 2183 fortuna
228 2145 364 2195 rebus,
392 2147 493 2187 alios
525 2148 660 2200 parvis
689 2148 888 2202 applicat:

12 2211 137 2253 hinc
161 2216 303 2267 partim
334 2218 534 2270 opulenti,
562 2220 711 2271 partim
740 2220 917 2261 mendici
947 2229 1104 2259 sumus

12 2274 13 2281 ¹
12 2294 151 2344 uum,
179 2285 408 2337 Nausinice‚
438 2289 567 2330 doceo
598 2290 812 2343 ingeniose
841 2291 970 2333 satis?

12 2382 13 2396 ι
44 2352 96 2398 N.
123 2338 392 2410 interrogabis
421 2372 488 2399 me
517 2361 682 2410 iterum,
711 2363 745 2401 si
776 2362 1014 2403 laudavero.

537 2499 584 2541 A
636 2499 678 2540 E
731 2499 775 2541 B
834 2500 891 2542 H
942 2501 999 2544 Σ.

12 2621 16 2630 Α
728 2572 803 2615 111.

12 2645 14 2664 ³
46 2632 172 2676 Nemo
201 2647 376 2690 unquam
406 2641 554 2682 melior
582 2641 684 2683 iuris
716 2649 861 2687 auctor
891 2642 1017 2683 divite

12 2714 16 2742 ι
49 2703 288 2749 Aristonico.
346 2723 522 2768 namque
547 2714 584 2755 is
613 2714 721 2757 hanc
750 2715 888 2768 legem
918 2714 1025 2763 tulit,
