1702 3158
209 181 291 221 348
791 180 1070 222 ANAXILAE

239 294 290 332 10
319 283 380 339 εἷς
407 287 540 344 μόνος
573 290 620 330 δ’
656 286 806 337 ἱππεύς
835 302 899 338 τις
929 287 1063 341 αὐτῆς
1093 288 1170 332 τόν
1199 288 1298 344 βίον
1328 289 1571 347 παρείλετο’

318 370 461 415 πάντα
490 372 544 414 τὰ
575 369 701 422 σκεύη
730 371 812 428 γὰρ
842 371 972 413 ἕλκων
1001 370 1120 430 ᾤχετ’
1151 373 1195 415 ἐκ
1225 375 1299 425 τῆς
1327 370 1477 424 οἰκίας.

318 457 361 498 οἱ
389 454 566 512 Σινώπῃ
598 453 646 496 δ’
679 446 737 496 αὖ
767 453 967 504 συνόντες
997 452 1073 511 οὐχ
1101 451 1213 514 ὕδρᾳ
1242 455 1408 500 σύνεισι
1436 457 1532 510 νῦν;

319 540 451 594 γραῦς
480 541 559 592 μὲν
587 533 712 590 αὕτη,
740 539 1021 595 παραπέφυκε
1054 538 1102 580 δ’
1126 539 1151 590 ἡ
1183 538 1417 583 Γνάθαινα
1446 537 1652 593 πλησίον·

315 617 425 663 ὥστ’
451 619 739 676 ἀπαλλαγεῖσι
767 620 925 674 ταύτης
954 622 1047 664 ἐστὶ
1074 622 1306 667 διπλάσιον
1333 622 1480 668 κακόν.

238 707 291 747 15
321 702 347 755 ἡ
378 705 423 746 δὲ
453 702 648 747 Νάννιον
674 704 716 746 τί
744 707 838 747 νυνὶ
869 706 1090 764 διαᾳέρειν
1117 705 1311 760 Σκύλλης
1340 709 1473 761 δοκεῖς

319 786 370 830 οὐ
399 786 475 829 δύ’
507 786 780 842 ἀποπνίξασ’
810 787 1003 845 ἑταίρους
1030 790 1107 832 τὸν
1135 789 1280 848 τρίτον
1309 789 1544 847 θηρεύεται

316 870 380 913 ἔτι
409 872 579 925 λαβεῐνς
607 869 706 913 ἀλλ’
737 873 930 924 ἐξέπαισε
961 875 1158 929 πορθμὶς
1186 873 1366 933 ἐλατίνῳ
1394 872 1549 933 πλάτῃ.

314 951 339 1004 ἡ
373 954 418 996 δὲ
452 952 602 1010 Φρύνη
631 954 711 1006 τὴν
742 953 970 1011 Χάρυβδιν
999 955 1096 1012 οὐχὶ
1124 954 1267 1013 πόρρω
1296 972 1381 999 που
1408 961 1533 1009 ποιεῖ,

315 1034 390 1078 τόν
419 1052 463 1077 τε
494 1034 735 1094 ναύκληρον
764 1039 961 1092 λαβοῦσα
991 1037 1270 1082 καταπέπωκ’
1302 1040 1417 1099 αὐτῷ
1444 1037 1622 1098 σκάφεις

235 1125 291 1163 20
319 1118 346 1172 ἡ
380 1120 525 1161 Θεανώ
559 1119 605 1161 δ’
638 1120 732 1176 οὐχὶ
765 1120 922 1178 Σειρήν
952 1122 1071 1164 ἐστιν
1099 1119 1436 1178 άποτετιλμὲνης-

318 1205 490 1260 βλέμμα
516 1206 589 1246 καὶ
619 1205 742 1260 φωνή
773 1203 986 1258 γυναικός,
1017 1205 1071 1246 τὰ
1101 1206 1226 1258 σκέλη
1256 1206 1301 1247 δὲ
1331 1204 1531 1262 κοψίχου.

317 1287 495 1344 Σφίγγα
528 1287 732 1341 Θηβαίαν
760 1288 806 1330 δὲ
836 1286 980 1339 πάσας
1010 1287 1101 1331 ἔστι
1130 1289 1204 1339 τὰς
1234 1288 1397 1346 πόρνας
1424 1290 1583 1342 καλεῖν,

316 1369 369 1414 αἳ
393 1369 574 1413 λαλοῦσ’
607 1369 750 1421 ἁπλῶς
777 1375 857 1427 μὲν
885 1370 1024 1425 οὐδέν,
1053 1370 1153 1414 ἀλλ’
1181 1373 1226 1415 ἐν
1253 1371 1467 1430 αἰνιγμοῖς
1496 1386 1623 1427 τισιν,

316 1453 373 1506 ὠς
401 1455 527 1511 ἐρῶσι
556 1457 630 1496 καὶ
659 1455 835 1511 φιλοῦσι
864 1457 938 1498 καὶ
966 1454 1159 1499 σύνεισιν
1186 1454 1332 1508 ἡδέως.

234 1543 290 1584 25
319 1532 412 1580 εἶτα
441 1536 675 1594 τετράπους
703 1554 780 1594 μοι
806 1540 988 1594 γένοιτο,
1013 1539 1137 1596 φησί,
1166 1537 1352 1596 τήνπρος
1379 1537 1408 1593 ἢ
1436 1538 1623 1598 θρόνος·

316 1614 410 1664 εἶτα
441 1620 494 1673 δὴ
526 1620 701 1678 τρίπους
729 1638 806 1674 τις,
834 1615 941 1677 εἶτα,
972 1622 1097 1679 φησί,
1125 1623 1334 1676 παιδίσκη
1364 1624 1532 1674 δίπους.

318 1697 414 1747 εἷθ’
434 1703 458 1747 ὁ
487 1708 568 1760 μὲν
595 1706 722 1760 γνοὺς
752 1704 879 1748 ταῦτ’
898 1705 1102 1759 ἀπῆλθεν
1121 1705 1256 1758 εὐθὺς
1269 1703 1412 1764 ὥσπερ
1433 1704 1653 1761 Οἰδίπους,

317 1787 413 1832 οὐδ’
446 1785 553 1831 ἰδεῖν
582 1787 711 1843 δόξας
741 1789 923 1842 ἐκείνην,
946 1791 1123 1842 σώζεται
1152 1789 1202 1831 δ’
1232 1789 1347 1832 ἄκων
1374 1787 1520 1846 μόνος.

318 1873 360 1914 οἱ
390 1870 437 1913 δ’
468 1873 662 1929 ἐρᾶσθαι
692 1874 1013 1931 προσδοκῶντες
1040 1870 1177 1923 εὐθύς
1205 1869 1315 1915 εἰσιν
1341 1872 1531 1930 ἠρμένοι,

234 1960 290 1999 3⁰
317 1956 390 1997 καὶ
420 1954 750 2012 ([έρονθ”ὑψοῦ
779 1958 886 2014 πρὸς
914 1957 1096 2013 αἴθραν.
1128 1954 1381 2012 συντεμόντι
1409 1955 1460 1998 δ’
1478 1955 1578 1998 οὐδὲ
1607 1957 1652 1998 ἕν

316 2037 424 2081 ἔσθ’
453 2037 625 2096 ἑταίρας
653 2036 738 2084 ὅσα
768 2057 846 2098 περ
876 2040 968 2083 ἔστι
996 2037 1125 2096 θηρί’
1157 2041 1445 2097 ἐξωλέστερον.

317 2170 554 2210 Athenaeus
595 2171 694 2210 XIII
738 2184 778 2223 p.
809 2170 891 2210 558
909 2183 954 2210 a:
999 2164 1240 2219 Ἀναξίλας
1281 2165 1329 2207 δ’
1358 2166 1404 2207 ἐν
1447 2162 1652 2209 Νεοττίδι

210 2234 348 2294 ςτησίν
367 2232 512 2286 Ὅστις
540 2238 628 2280 κτλ.
688 2242 749 2281 Ex
766 2241 975 2280 Athenaeo
1001 2246 1158 2291 partem
1186 2240 1265 2278 Ioci
1294 2239 1390 2279 Inde
1418 2252 1440 2278 a
1468 2252 1524 2278 vs.
1542 2239 1652 2278 1-8

209 2309 374 2362 repetiit
409 2309 645 2348 Eustathius
686 2310 735 2348 ad
765 2311 887 2350 Hom.
918 2323 959 2361 p.
990 2309 1099 2348 1714
1128 2309 1183 2347 38
1212 2321 1297 2360 sqq.
1365 2308 1411 2347 In
1449 2307 1532 2346 fine
1562 2308 1651 2347 eius

209 2391 374 2427 versus,
415 2379 483 2429 qui
513 2378 687 2430 primum
717 2390 878 2418 versum
907 2378 1200 2431 praecedebat,
1238 2377 1364 2422 fuisse
1399 2376 1560 2417 videtur
1594 2372 1652 2424 ὦς

210 2444 468 2502 τρισάθλιος
513 2448 578 2486 vel
626 2448 754 2487 simile
792 2448 901 2499 quid.
974 2449 1044 2489 Va.
1072 2450 1098 2488 2
1142 2437 1195 2485 οὗ
1229 2446 1560 2498 Wyttenbachius
1599 2446 1651 2487 ad

211 2517 419 2558 Plutarch.
449 2517 528 2556 vol.
558 2517 614 2558 VI
637 2530 677 2568 p.
706 2517 802 2559 945.
860 2512 910 2554 οὐ
941 2517 1048 2558 PVL
1091 2522 1133 2558 et
1161 2515 1411 2556 Eustachius.
1468 2510 1533 2562 τίς
1570 2526 1650 2556 om.

211 2588 245 2628 G
275 2583 316 2625 et
352 2587 448 2637 epit.
478 2586 659 2626 Hoesch.
688 2589 730 2626 et
757 2586 946 2629 Eustath.
1009 2578 1370 2640 παρανομώτερον
1407 2583 1572 2625 Grotius
1608 2584 1651 2624 in

206 2655 425 2707 'Excerptis
454 2667 493 2706 p.
510 2656 605 2695 859.
632 2656 726 2695 libri
755 2648 1140 2709 παρανομώτατον.
1170 2653 1425 2706 Dindorjfi'zae.
1453 2679 1508 2687 -
1535 2653 1651 2695 Vs.3

214 2720 278 2772 τίς
307 2723 494 2773 (ὶι-οῑὶιιες
533 2725 653 2777 vulgo
694 2720 749 2767 τί.
816 2725 896 2766 Pro
932 2718 1150 2778 πυρπνόος
1178 2723 1414 2764 Eustathius
1450 2716 1650 2776 πύρπνος.
