1702 3158
237 174 296 218 74
786 173 1125 216 AN'NPHAMS

241 286 355 327 stitui
393 283 612 338 δέλφακας
643 277 854 334 ἡλιβάτας
887 297 963 336 pro
1004 286 1115 325 edito
1153 279 1372 337 ὺλιβάτας.
1414 279 1683 338 .’.Ηλι’βατον

241 356 389 396 dicitur
417 354 613 407 quidquid
640 353 795 405 ingenti
823 358 865 392 et
894 356 1051 394 enormi
1082 355 1362 407 magnitudine
1387 356 1563 396 excellit.
1621 357 1683 406 lta

239 421 451 477 ἠλίβατον
492 419 624 462 κακὸν
666 424 718 462 de
762 435 907 475 magno
947 424 1082 474 aliquo
1131 424 1238 463 malo
1285 423 1383 462 dixit
1425 425 1682 466 Damoxenus

240 494 459 547 Syntroph.
505 494 572 532 23.
644 492 727 531 Sed
771 488 922 544 τράγος
967 498 1008 532 et
1045 490 1210 545 δέλφαξ
1253 487 1463 542 ἦλιβάτης
1505 494 1681 535 fortasse

238 565 390 603 rectius
420 562 702 613 interpreteris
732 562 783 600 de
811 575 910 614 apro
939 566 979 601 et
1003 574 1076 602 sue
1102 564 1143 603 in
1163 563 1356 602 montium
1386 564 1682 604 summitatibus

238 636 439 672 versante.
469 633 662 670 Ceterum
692 631 863 670 eandem
894 632 1220 672 emendationem
1251 632 1292 671 in
1312 632 1570 684 Antiphanis
1590 634 1681 673 loco

191 719 194 723 ·
236 705 381 752 suopte
419 701 583 752 ingenio
625 702 667 739 et
694 700 898 740 Eustathii
934 701 1100 752 ignarus
1135 701 1318 753 repperit
1349 702 1575 741 Lobeckius
1606 702 1682 742 Pa·

235 770 352 821 ralip.
388 774 599 821 grammat.
634 769 648 808 Ι
679 782 719 821 Ρ.
749 770 817 816 80,
856 770 976 809 allato
1015 771 1146 811 schol.
1177 771 1279 811 Ven.
1313 771 1426 810 lliad.
1457 765 1481 808 ό
1511 771 1620 811 273:
1656 766 1680 810 ὁ

234 836 441 891 αἴγαγρος
482 835 567 877 τῶν
612 833 936 887 ἠλιβατούντων
977 836 1082 879 ἐστι’.
1151 841 1265 891 Quae
1317 852 1448 879 meam
1493 840 1683 880 adiectivi

233 902 443 959 ἠλιβάτης
483 908 859 967 interpretationem
900 909 1153 948 confirmant.
1205 933 1259 941 -—
1317 909 1389 949 Vs.
1418 909 1458 949 4.
1488 909 1528 950 5.
1557 910 1681 949 7-9

234 977 356 1018 affert
387 977 625 1017 Eustathius
660 990 702 1029 p.
734 975 949 1017 152413:
988 972 1354 1030 ὁμοιοκαταληξία
1393 975 1438 1016 δὲ
1475 972 1682 1029 παιγνιώ-

235 1045 327 1096 δης.
383 1045 457 1085 καὶ
483 1041 533 1084 τό
562 1042 716 1098 ,,τυρὸς
740 1042 916 1099 χλωρός,
942 1043 1068 1100 τυρὸς
1096 1042 1248 1100 ξηρός”
1278 1073 1331 1080 -
1361 1042 1425 1086 ἔτι
1455 1045 1500 1086 δὲ
1528 1046 1602 1086 καὶ
1631 1043 1679 1087 τὸ

235 1111 336 1166 ,,αἲξ
364 1110 561 1164 οὐρανία,
588 1111 704 1168 κριὸς
719 1112 885 1167 τομίας,
915 1110 1077 1168 κάπρος
1104 1111 1316 1167 ἐκτομίας,
1346 1106 1393 1162 ὗς
1422 1113 1473 1155 οὐ
1488 1115 1680 1168 τομίας.”

236 1186 297 1226 De
334 1197 455 1237 capra
492 1185 677 1234 caelesti,
714 1197 832 1236 quam
870 1185 1024 1225 comico
1061 1185 1204 1237 lepore
1239 1185 1407 1236 reliquis
1449 1187 1678 1234 immiscuit,

234 1270 271 1296 v.
310 1254 361 1294 ad
398 1253 552 1294 Cratini
589 1253 734 1306 fragm.
773 1267 814 1305 p.
846 1255 941 1295 161.
997 1280 1049 1287 —
1108 1255 1177 1296 Vs.
1207 1255 1233 1293 6
1270 1255 1452 1294 lacunam
1490 1255 1681 1295 indicavit

234 1325 480 1368 Dindorfius.
537 1348 593 1355 --
649 1323 719 1363 Vs.
749 1325 775 1363 7
806 1329 847 1363 et
875 1325 903 1364 8
941 1324 1065 1364 verba
1100 1319 1259 1369 κοπτός
1296 1320 1420 1376 τυρὸς
1451 1328 1492 1364 et
1519 1321 1680 1377 τμητὸς

233 1391 359 1448 τυρὸς
387 1393 554 1446 respicit
579 1393 817 1434 Eustathius
847 1407 887 1447 p.
916 1394 1000 1434 872
1031 1394 1080 1433 11
1114 1397 1156 1433 et
1187 1393 1292 1433 1001
1325 1392 1396 1433 51.

921 1483 995 1524 ΠΙ.

343 1571 490 1611 Pollux
521 1571 579 1612 IX
606 1573 685 1612 88:
721 1566 829 1623 παρ’
854 1566 1114 1625 Ἀντιφάνει
1144 1569 1190 1611 ἐν
1219 1569 1277 1627 τῷ
1307 1564 1514 1610 Κύκλωπι
1546 1567 1678 1622 Κέρ-

233 1656 307 1696 μα
348 1637 447 1694 γάρ
484 1653 533 1680 τι
571 1636 836 1693 τυγχάνω.
894 1641 1008 1681 ldem
1038 1642 1116 1683 V11
1148 1643 1250 1681 170:
1279 1639 1470 1693 κέρματα
1499 1636 1544 1676 δὲ
1573 1636 1678 1676 πολ-

233 1710 319 1752 λῶν
349 1708 653 1759 πληθυντικῶς
683 1703 932 1762 εἰρηκότων,
972 1708 1107 1763 κέρμα
1145 1706 1287 1757 ἑνικῶς
1316 1705 1489 1761 ”Αμφις
1517 1706 1678 1760 εἴρηκεν

233 1781 278 1821 ἐν
318 1777 631 1834 ’Λμπελουργῷ
668 1779 740 1817 καὶ
776 1774 1050 1831 Ἀντιφάνης
1079 1774 1296 1819 Κύκλωπι.
1357 1780 1454 1837 Post
1485 1773 1676 1830 τυγχάνω

233 1851 431 1891 excidisse
459 1849 618 1889 videtur
647 1844 789 1901 λαχών
818 1850 881 1889 vel
912 1845 1069 1900 λαβών.

663 2042 1142 2091 ΚΩΡΥΚΟΣ.
1200 2051 1239 2100 1·)

393 2242 471 2286 Ἐν
500 2238 589 2303 ὅσῳ
619 2241 668 2285 δ’
699 2243 920 2299 ἀκροῶμαί
949 2258 1043 2294 σου,
1073 2241 1273 2286 κέλευσόν
1301 2243 1376 2298 μοι’
1405 2257 1502 2284 τινα

398 2330 544 2384 φέρειν
571 2326 930 2394 ἀπονίψασθαι..
964 2328 1017 2371 B.
1052 2325 1164 2369 δότω
1194 2343 1257 2378 τις
1286 2326 1406 2384 δεῦρ’
1440 2323 1554 2384 ὕδωρ

397 2414 470 2453 καὶ
499 2426 555 2467 σμ
564 2411 666 2467 ἦμα.

344 2514 578 2554 Athenaeus
600 2515 655 2556 lX
685 2528 724 2567 p.
743 2517 824 2557 409
842 2529 884 2555 c:
913 2512 1094 2568 ἐχρῶντο
1124 2512 1170 2553 δὲ
1197 2508 1255 2561 εἰς
1282 2510 1358 2560 τὰς
1381 2512 1536 2565 χεῖρας,
1564 2507 1673 2551 ἀπο-

235 2577 463 2630 πλύνοντες
493 2580 646 2634 αὑτάς,
682 2583 755 2623 καὶ
785 2580 982 2638 σμήματι
1010 2578 1292 2637 ἀπορρύψιως
1317 2577 1463 2637 χάριν,
1505 2576 1561 2627 ὦς
1591 2595 1675 2620 πα·

327 2727 356 2770 ⁸)
381 2728 420 2761 V.
445 2727 534 2760 Hist.
558 2727 632 2760 crit.
656 2739 686 2771 p.
712 2728 790 2761 337.
