<?xml version="1.0" encoding="UTF-8"?>
<!DOCTYPE html PUBLIC "-//W3C//DTD XHTML 1.0 Transitional//EN"
    "http://www.w3.org/TR/xhtml1/DTD/xhtml1-transitional.dtd">
<html xmlns="http://www.w3.org/1999/xhtml" xml:lang="en" lang="en">
 <head>
  <title>
</title>
<meta http-equiv="Content-Type" content="text/html;charset=utf-8" />
  <meta name='ocr-system' content='tesseract 3.04.00' />
  <meta name='ocr-capabilities' content='ocr_page ocr_carea ocr_par ocr_line ocrx_word'/>
</head>
<body>
  <div class='ocr_page' id='page_1' title='image "./fragmentacomicor03meinuoft_0693.png"; bbox 0 0 1656 3146; ppageno 0'>
   <div class='ocr_carea' id='block_1_1' title="bbox 553 142 932 189">
    <p class='ocr_par' dir='ltr' id='par_1_1' title="bbox 553 142 932 189">
     <span class='ocr_line' id='line_1_1' title="bbox 553 142 932 189; baseline -0.005 0"><span class='ocrx_word' id='word_1_1' title='bbox 553 142 932 189; x_wconf 74' lang='lat' dir='ltr'><strong>ARISTOPHON.</strong></span> 
     </span>
    </p>
   </div>
   <div class='ocr_carea' id='block_1_2' title="bbox 477 254 1008 384">
    <p class='ocr_par' dir='ltr' id='par_1_2' title="bbox 477 254 1008 384">
     <span class='ocr_line' id='line_1_2' title="bbox 477 254 1008 301; baseline 0.004 -2"><span class='ocrx_word' id='word_1_2' title='bbox 477 254 1008 301; x_wconf 86' lang='grc' dir='ltr'><em>ΙΛΤΡΟΣ.</em></span> 
     </span>
     <span class='ocr_line' id='line_1_3' title="bbox 727 344 761 384; baseline 0 0"><span class='ocrx_word' id='word_1_3' title='bbox 727 344 761 384; x_wconf 87' lang='lat'>1.</span> 
     </span>
    </p>
   </div>
   <div class='ocr_carea' id='block_1_3' title="bbox 3 400 1258 468">
    <p class='ocr_par' dir='ltr' id='par_1_3' title="bbox 3 400 1258 468">
     <span class='ocr_line' id='line_1_4' title="bbox 3 400 1258 468; baseline -0.008 -5"><span class='ocrx_word' id='word_1_4' title='bbox 3 400 134 465; x_wconf 46' lang='lat' dir='ltr'>TNunc</span> <span class='ocrx_word' id='word_1_5' title='bbox 162 419 257 460; x_wconf 84' lang='lat' dir='ltr'>volo</span> <span class='ocrx_word' id='word_1_6' title='bbox 286 418 346 458; x_wconf 91' lang='lat' dir='ltr'>illi</span> <span class='ocrx_word' id='word_1_7' title='bbox 376 415 588 459; x_wconf 76' lang='lat' dir='ltr'>enuntiare</span> <span class='ocrx_word' id='word_1_8' title='bbox 617 427 698 468; x_wconf 87' lang='lat' dir='ltr'>quo</span> <span class='ocrx_word' id='word_1_9' title='bbox 729 415 805 455; x_wconf 93' lang='lat' dir='ltr'>sim</span> <span class='ocrx_word' id='word_1_10' title='bbox 835 413 1003 467; x_wconf 81' lang='lat' dir='ltr'>ingenio</span> <span class='ocrx_word' id='word_1_11' title='bbox 1035 413 1258 467; x_wconf 78' lang='lat' dir='ltr'>praeditus.</span> 
     </span>
    </p>
   </div>
   <div class='ocr_carea' id='block_1_4' title="bbox 1397 138 1482 180">
    <p class='ocr_par' dir='ltr' id='par_1_4' title="bbox 1397 138 1482 180">
     <span class='ocr_line' id='line_1_5' title="bbox 1397 138 1482 180; baseline 0 0"><span class='ocrx_word' id='word_1_12' title='bbox 1397 138 1482 180; x_wconf 77' lang='lat'>685</span> 
     </span>
    </p>
   </div>
   <div class='ocr_carea' id='block_1_5' title="bbox 4 483 1433 613">
    <p class='ocr_par' dir='ltr' id='par_1_5' title="bbox 4 483 1433 613">
     <span class='ocr_line' id='line_1_6' title="bbox 4 483 1407 546; baseline -0.008 -12"><span class='ocrx_word' id='word_1_13' title='bbox 4 494 52 535; x_wconf 71' lang='lat' dir='ltr'>&#39;si</span> <span class='ocrx_word' id='word_1_14' title='bbox 81 491 172 546; x_wconf 86' lang='lat' dir='ltr'>quis</span> <span class='ocrx_word' id='word_1_15' title='bbox 202 502 369 530; x_wconf 78' lang='lat' dir='ltr'>coenam</span> <span class='ocrx_word' id='word_1_16' title='bbox 400 487 585 540; x_wconf 82' lang='lat' dir='ltr'>praebet,</span> <span class='ocrx_word' id='word_1_17' title='bbox 612 486 753 526; x_wconf 79' lang='lat' dir='ltr'>adsum</span> <span class='ocrx_word' id='word_1_18' title='bbox 782 485 951 538; x_wconf 86' lang='lat' dir='ltr'>primus.</span> <span class='ocrx_word' id='word_1_19' title='bbox 1010 483 1105 523; x_wconf 89' lang='lat' dir='ltr'>ideo</span> <span class='ocrx_word' id='word_1_20' title='bbox 1137 497 1161 524; x_wconf 78' lang='lat' dir='ltr'><strong>a</strong></span> <span class='ocrx_word' id='word_1_21' title='bbox 1188 483 1407 524; x_wconf 85' lang='lat' dir='ltr'>iuvenibus</span> 
     </span>
     <span class='ocr_line' id='line_1_7' title="bbox 14 554 1433 613; baseline -0.008 -8"><span class='ocrx_word' id='word_1_22' title='bbox 14 563 218 605; x_wconf 80' lang='lat' dir='ltr'>iusculum</span> <span class='ocrx_word' id='word_1_23' title='bbox 249 558 454 613; x_wconf 77' lang='lat' dir='ltr'>appellor:</span> <span class='ocrx_word' id='word_1_24' title='bbox 485 556 794 609; x_wconf 84' lang='lat' dir='ltr'>quadrupedem</span> <span class='ocrx_word' id='word_1_25' title='bbox 825 556 860 595; x_wconf 86' lang='lat' dir='ltr'>si</span> <span class='ocrx_word' id='word_1_26' title='bbox 890 566 1012 606; x_wconf 85' lang='lat' dir='ltr'>quem</span> <span class='ocrx_word' id='word_1_27' title='bbox 1043 554 1205 595; x_wconf 80' lang='lat' dir='ltr'>sustolli</span> <span class='ocrx_word' id='word_1_28' title='bbox 1235 558 1299 595; x_wconf 77' lang='lat' dir='ltr'>est</span> <span class='ocrx_word' id='word_1_29' title='bbox 1328 566 1433 607; x_wconf 89' lang='lat' dir='ltr'>opus</span> 
     </span>
    </p>
   </div>
   <div class='ocr_carea' id='block_1_6' title="bbox 6 620 1162 683">
    <p class='ocr_par' dir='ltr' id='par_1_6' title="bbox 6 620 1162 683">
     <span class='ocr_line' id='line_1_8' title="bbox 6 620 1162 683; baseline -0.008 -9"><span class='ocrx_word' id='word_1_30' title='bbox 6 631 261 675; x_wconf 63' lang='lat' dir='ltr'>‘insolentiae</span> <span class='ocrx_word' id='word_1_31' title='bbox 290 642 402 683; x_wconf 82' lang='lat' dir='ltr'>ergo,</span> <span class='ocrx_word' id='word_1_32' title='bbox 431 628 625 681; x_wconf 86' lang='lat' dir='ltr'>Argivum</span> <span class='ocrx_word' id='word_1_33' title='bbox 657 639 723 667; x_wconf 87' lang='lat' dir='ltr'>me</span> <span class='ocrx_word' id='word_1_34' title='bbox 752 620 996 666; x_wconf 55' lang='lat' dir='ltr'>luctatorem</span> <span class='ocrx_word' id='word_1_35' title='bbox 1027 629 1162 678; x_wconf 87' lang='lat' dir='ltr'>putes.</span> 
     </span>
    </p>
   </div>
   <div class='ocr_carea' id='block_1_7' title="bbox 16 696 1425 748">
    <p class='ocr_par' dir='ltr' id='par_1_7' title="bbox 16 696 1425 748">
     <span class='ocr_line' id='line_1_9' title="bbox 16 696 1425 748; baseline -0.006 -5"><span class='ocrx_word' id='word_1_36' title='bbox 16 705 52 745; x_wconf 90' lang='lat' dir='ltr'>si</span> <span class='ocrx_word' id='word_1_37' title='bbox 81 702 235 742; x_wconf 75' lang='lat' dir='ltr'>domus</span> <span class='ocrx_word' id='word_1_38' title='bbox 253 699 484 740; x_wconf 79' lang='lat' dir='ltr'>insultanda</span> <span class='ocrx_word' id='word_1_39' title='bbox 514 702 589 746; x_wconf 86' lang='lat' dir='ltr'>est,</span> <span class='ocrx_word' id='word_1_40' title='bbox 621 698 746 737; x_wconf 79' lang='lat' dir='ltr'>aries:</span> <span class='ocrx_word' id='word_1_41' title='bbox 777 696 907 737; x_wconf 80' lang='lat' dir='ltr'>scalas</span> <span class='ocrx_word' id='word_1_42' title='bbox 938 696 972 734; x_wconf 89' lang='lat' dir='ltr'>si</span> <span class='ocrx_word' id='word_1_43' title='bbox 1003 708 1107 748; x_wconf 87' lang='lat' dir='ltr'>opus</span> <span class='ocrx_word' id='word_1_44' title='bbox 1136 696 1378 745; x_wconf 76' lang='lat' dir='ltr'>ascendere,</span> <span class='ocrx_word' id='word_1_45' title='bbox 1422 713 1425 720; x_wconf 94' lang='lat'>·</span> 
     </span>
    </p>
   </div>
   <div class='ocr_carea' id='block_1_8' title="bbox 6 766 1315 895">
    <p class='ocr_par' dir='ltr' id='par_1_8' title="bbox 6 766 1315 895">
     <span class='ocr_line' id='line_1_10' title="bbox 6 766 1315 825; baseline -0.005 -11"><span class='ocrx_word' id='word_1_46' title='bbox 6 773 238 825; x_wconf 66' lang='lat' dir='ltr'>Capaneus</span> <span class='ocrx_word' id='word_1_47' title='bbox 264 783 372 812; x_wconf 89' lang='lat' dir='ltr'>sum:</span> <span class='ocrx_word' id='word_1_48' title='bbox 404 770 535 823; x_wconf 82' lang='lat' dir='ltr'>plagis</span> <span class='ocrx_word' id='word_1_49' title='bbox 564 768 748 808; x_wconf 86' lang='lat' dir='ltr'>ferendis</span> <span class='ocrx_word' id='word_1_50' title='bbox 777 768 920 807; x_wconf 85' lang='lat' dir='ltr'>incus:</span> <span class='ocrx_word' id='word_1_51' title='bbox 949 766 1146 807; x_wconf 78' lang='lat' dir='ltr'>adversus</span> <span class='ocrx_word' id='word_1_52' title='bbox 1176 767 1315 819; x_wconf 78' lang='lat' dir='ltr'>alapas</span> 
     </span>
     <span class='ocr_line' id='line_1_11' title="bbox 6 835 1292 895; baseline -0.006 -10"><span class='ocrx_word' id='word_1_53' title='bbox 6 841 415 895; x_wconf 49' lang='lat' dir='ltr'>‘&#39;Telamorpulcher</span> <span class='ocrx_word' id='word_1_54' title='bbox 444 841 478 880; x_wconf 89' lang='lat' dir='ltr'>si</span> <span class='ocrx_word' id='word_1_55' title='bbox 508 839 715 880; x_wconf 77' lang='lat' dir='ltr'>vexandus</span> <span class='ocrx_word' id='word_1_56' title='bbox 747 837 910 890; x_wconf 85' lang='lat' dir='ltr'>aliquis,</span> <span class='ocrx_word' id='word_1_57' title='bbox 936 835 1095 877; x_wconf 86' lang='lat' dir='ltr'>fumum</span> <span class='ocrx_word' id='word_1_58' title='bbox 1126 837 1292 878; x_wconf 79' lang='lat' dir='ltr'>dixeris.</span> 
     </span>
    </p>
   </div>
   <div class='ocr_carea' id='block_1_9' title="bbox 726 922 779 962">
    <p class='ocr_par' dir='ltr' id='par_1_9' title="bbox 726 922 779 962">
     <span class='ocr_line' id='line_1_12' title="bbox 726 922 779 962; baseline 0 0"><span class='ocrx_word' id='word_1_59' title='bbox 726 922 779 962; x_wconf 83' lang='grc' dir='ltr'>ΙΙ.</span> 
     </span>
    </p>
   </div>
   <div class='ocr_carea' id='block_1_10' title="bbox 18 993 942 1118">
    <p class='ocr_par' dir='ltr' id='par_1_10' title="bbox 18 993 942 1118">
     <span class='ocr_line' id='line_1_13' title="bbox 19 993 942 1046; baseline -0.017 0"><span class='ocrx_word' id='word_1_60' title='bbox 19 1005 131 1046; x_wconf 82' lang='lat' dir='ltr'>Inter</span> <span class='ocrx_word' id='word_1_61' title='bbox 156 1002 313 1043; x_wconf 73' lang='lat' dir='ltr'>sacrata</span> <span class='ocrx_word' id='word_1_62' title='bbox 340 999 435 1036; x_wconf 87' lang='lat' dir='ltr'>sunt</span> <span class='ocrx_word' id='word_1_63' title='bbox 465 994 610 1034; x_wconf 88' lang='lat' dir='ltr'>domus</span> <span class='ocrx_word' id='word_1_64' title='bbox 640 993 942 1039; x_wconf 83' lang='lat' dir='ltr'>meretricium3</span> 
     </span>
     <span class='ocr_line' id='line_1_14' title="bbox 18 1062 939 1118; baseline -0.016 0"><span class='ocrx_word' id='word_1_65' title='bbox 18 1087 111 1117; x_wconf 71' lang='lat' dir='ltr'>num</span> <span class='ocrx_word' id='word_1_66' title='bbox 138 1084 222 1115; x_wconf 86' lang='lat' dir='ltr'>non</span> <span class='ocrx_word' id='word_1_67' title='bbox 250 1068 385 1110; x_wconf 84' lang='lat' dir='ltr'><strong>solent</strong></span> <span class='ocrx_word' id='word_1_68' title='bbox 416 1068 560 1118; x_wconf 79' lang='lat' dir='ltr'>patere</span> <span class='ocrx_word' id='word_1_69' title='bbox 591 1064 649 1103; x_wconf 91' lang='lat' dir='ltr'>nil</span> <span class='ocrx_word' id='word_1_70' title='bbox 678 1062 939 1103; x_wconf 79' lang='lat' dir='ltr'><strong>habentibus.</strong></span> 
     </span>
    </p>
   </div>
   <div class='ocr_carea' id='block_1_11' title="bbox 616 1157 881 1166">
    <p class='ocr_par' dir='ltr' id='par_1_11' title="bbox 616 1157 881 1166">
     <span class='ocr_line' id='line_1_15' title="bbox 616 1157 881 1166; baseline 0 1980"><span class='ocrx_word' id='word_1_71' title='bbox 616 1157 881 1166; x_wconf 95' lang='lat' dir='ltr'> </span> 
     </span>
    </p>
   </div>
   <div class='ocr_carea' id='block_1_12' title="bbox 435 1228 1062 1277">
    <p class='ocr_par' dir='ltr' id='par_1_12' title="bbox 435 1228 1062 1277">
     <span class='ocr_line' id='line_1_16' title="bbox 435 1228 1062 1277; baseline 0.003 -3"><span class='ocrx_word' id='word_1_72' title='bbox 435 1228 1062 1277; x_wconf 81' lang='grc' dir='ltr'><em>ΚΑΛΩΝΙΔΗΣ.</em></span> 
     </span>
    </p>
   </div>
   <div class='ocr_carea' id='block_1_13' title="bbox 11 1319 1040 1658">
    <p class='ocr_par' dir='ltr' id='par_1_13' title="bbox 11 1319 1040 1658">
     <span class='ocr_line' id='line_1_17' title="bbox 11 1319 1040 1375; baseline -0.005 -8"><span class='ocrx_word' id='word_1_73' title='bbox 11 1327 178 1367; x_wconf 75' lang='lat' dir='ltr'>lterum</span> <span class='ocrx_word' id='word_1_74' title='bbox 207 1322 275 1375; x_wconf 87' lang='lat' dir='ltr'>qui</span> <span class='ocrx_word' id='word_1_75' title='bbox 304 1332 473 1361; x_wconf 84' lang='lat' dir='ltr'>uxorem</span> <span class='ocrx_word' id='word_1_76' title='bbox 502 1319 625 1369; x_wconf 88' lang='lat' dir='ltr'>ducit,</span> <span class='ocrx_word' id='word_1_77' title='bbox 655 1323 800 1373; x_wconf 86' lang='lat' dir='ltr'>pereat</span> <span class='ocrx_word' id='word_1_78' title='bbox 829 1321 1010 1372; x_wconf 84' lang='lat' dir='ltr'>pessime</span> <span class='ocrx_word' id='word_1_79' title='bbox 1027 1334 1040 1361; x_wconf 73' lang='grc' dir='ltr'><em>ε</em></span> 
     </span>
     <span class='ocr_line' id='line_1_18' title="bbox 12 1390 1013 1447; baseline -0.007 -10"><span class='ocrx_word' id='word_1_80' title='bbox 12 1408 116 1437; x_wconf 56' lang='lat' dir='ltr'>‘num</span> <span class='ocrx_word' id='word_1_81' title='bbox 145 1393 312 1447; x_wconf 77' lang='lat' dir='ltr'><strong>primam</strong></span> <span class='ocrx_word' id='word_1_82' title='bbox 339 1392 375 1432; x_wconf 92' lang='lat' dir='ltr'>si</span> <span class='ocrx_word' id='word_1_83' title='bbox 402 1391 493 1444; x_wconf 78' lang='lat' dir='ltr'>quis</span> <span class='ocrx_word' id='word_1_84' title='bbox 523 1390 649 1440; x_wconf 82' lang='lat' dir='ltr'>duxit,</span> <span class='ocrx_word' id='word_1_85' title='bbox 680 1391 865 1444; x_wconf 79' lang='lat' dir='ltr'>peccavit</span> <span class='ocrx_word' id='word_1_86' title='bbox 894 1390 1013 1440; x_wconf 87' lang='lat' dir='ltr'>nihil,</span> 
     </span>
     <span class='ocr_line' id='line_1_19' title="bbox 12 1461 984 1518; baseline -0.007 -10"><span class='ocrx_word' id='word_1_87' title='bbox 12 1470 71 1508; x_wconf 51' lang='lat' dir='ltr'>¹ut</span> <span class='ocrx_word' id='word_1_88' title='bbox 97 1465 165 1518; x_wconf 85' lang='lat' dir='ltr'>qui</span> <span class='ocrx_word' id='word_1_89' title='bbox 190 1464 398 1516; x_wconf 84' lang='lat' dir='ltr'>ignoraret</span> <span class='ocrx_word' id='word_1_90' title='bbox 427 1464 621 1514; x_wconf 81' lang='lat' dir='ltr'>quantum</span> <span class='ocrx_word' id='word_1_91' title='bbox 651 1461 694 1501; x_wconf 91' lang='lat' dir='ltr'>in</span> <span class='ocrx_word' id='word_1_92' title='bbox 724 1462 984 1502; x_wconf 79' lang='lat' dir='ltr'>matrimonio</span> 
     </span>
     <span class='ocr_line' id='line_1_20' title="bbox 12 1531 982 1591; baseline -0.004 -14"><span class='ocrx_word' id='word_1_93' title='bbox 12 1537 146 1577; x_wconf 77' lang='lat' dir='ltr'>-situm</span> <span class='ocrx_word' id='word_1_94' title='bbox 174 1533 269 1575; x_wconf 79' lang='lat' dir='ltr'>mali</span> <span class='ocrx_word' id='word_1_95' title='bbox 297 1536 418 1574; x_wconf 84' lang='lat' dir='ltr'>esset.</span> <span class='ocrx_word' id='word_1_96' title='bbox 476 1534 518 1591; x_wconf 76' lang='lat' dir='ltr'>nt</span> <span class='ocrx_word' id='word_1_97' title='bbox 547 1531 617 1584; x_wconf 87' lang='lat' dir='ltr'>qui</span> <span class='ocrx_word' id='word_1_98' title='bbox 648 1531 765 1572; x_wconf 83' lang='lat' dir='ltr'>duxit</span> <span class='ocrx_word' id='word_1_99' title='bbox 794 1533 982 1582; x_wconf 83' lang='lat' dir='ltr'>alteram,</span> 
     </span>
     <span class='ocr_line' id='line_1_21' title="bbox 13 1602 878 1658; baseline -0.003 -10"><span class='ocrx_word' id='word_1_100' title='bbox 13 1607 71 1648; x_wconf 63' lang='lat' dir='ltr'>*in</span> <span class='ocrx_word' id='word_1_101' title='bbox 99 1609 233 1648; x_wconf 71' lang='lat' dir='ltr'>notam</span> <span class='ocrx_word' id='word_1_102' title='bbox 262 1607 419 1658; x_wconf 82' lang='lat' dir='ltr'>pestem</span> <span class='ocrx_word' id='word_1_103' title='bbox 448 1615 495 1644; x_wconf 89' lang='lat' dir='ltr'>se</span> <span class='ocrx_word' id='word_1_104' title='bbox 523 1602 697 1643; x_wconf 84' lang='lat' dir='ltr'>irretivit</span> <span class='ocrx_word' id='word_1_105' title='bbox 725 1603 878 1645; x_wconf 74' lang='lat' dir='ltr'>denuo,</span> 
     </span>
    </p>
   </div>
   <div class='ocr_carea' id='block_1_14' title="bbox 620 1698 883 1704">
    <p class='ocr_par' dir='ltr' id='par_1_14' title="bbox 620 1698 883 1704">
     <span class='ocr_line' id='line_1_22' title="bbox 620 1698 883 1704; baseline 0 0"><span class='ocrx_word' id='word_1_106' title='bbox 620 1698 883 1704; x_wconf 95' lang='lat' dir='ltr'> </span> 
     </span>
    </p>
   </div>
   <div class='ocr_carea' id='block_1_15' title="bbox 29 1758 1122 1903">
    <p class='ocr_par' dir='ltr' id='par_1_15' title="bbox 29 1758 1122 1903">
     <span class='ocr_line' id='line_1_23' title="bbox 393 1758 1122 1802; baseline 0.003 -2"><span class='ocrx_word' id='word_1_107' title='bbox 393 1758 1122 1802; x_wconf 82' lang='grc' dir='ltr'><em>ΙΙΛΡΛΚΑΤΑΘΗΚΗ.</em></span> 
     </span>
     <span class='ocr_line' id='line_1_24' title="bbox 29 1847 1064 1903; baseline -0.003 -12"><span class='ocrx_word' id='word_1_108' title='bbox 29 1849 170 1902; x_wconf 80' lang='lat' dir='ltr'>Turpe</span> <span class='ocrx_word' id='word_1_109' title='bbox 199 1852 262 1902; x_wconf 75' lang='lat' dir='ltr'>est</span> <span class='ocrx_word' id='word_1_110' title='bbox 290 1847 528 1903; x_wconf 71' lang='lat' dir='ltr'>pauperiem</span> <span class='ocrx_word' id='word_1_111' title='bbox 556 1848 757 1889; x_wconf 76' lang='lat' dir='ltr'>comitans</span> <span class='ocrx_word' id='word_1_112' title='bbox 786 1847 1064 1888; x_wconf 79' lang='lat' dir='ltr'>imbecillitas.</span> 
     </span>
    </p>
   </div>
   <div class='ocr_carea' id='block_1_16' title="bbox 625 1941 890 1950">
    <p class='ocr_par' dir='ltr' id='par_1_16' title="bbox 625 1941 890 1950">
     <span class='ocr_line' id='line_1_25' title="bbox 625 1941 890 1950; baseline 0 1196"><span class='ocrx_word' id='word_1_113' title='bbox 625 1941 890 1950; x_wconf 95' lang='lat' dir='ltr'> </span> 
     </span>
    </p>
   </div>
   <div class='ocr_carea' id='block_1_17' title="bbox 416 2014 1098 2060">
    <p class='ocr_par' dir='ltr' id='par_1_17' title="bbox 416 2014 1098 2060">
     <span class='ocr_line' id='line_1_26' title="bbox 416 2014 1098 2060; baseline 0.001 -3"><span class='ocrx_word' id='word_1_114' title='bbox 416 2014 1098 2060; x_wconf 83' lang='grc' dir='ltr'><em>ΠΥΘΑΓΟΡΙΣΤΗΣ.</em></span> 
     </span>
    </p>
   </div>
   <div class='ocr_carea' id='block_1_18' title="bbox 17 2103 1142 2440">
    <p class='ocr_par' dir='ltr' id='par_1_18' title="bbox 17 2103 1142 2440">
     <span class='ocr_line' id='line_1_27' title="bbox 740 2103 771 2142; baseline 0 0"><span class='ocrx_word' id='word_1_115' title='bbox 740 2103 771 2142; x_wconf 89' lang='grc' dir='ltr'>Ι.</span> 
     </span>
     <span class='ocr_line' id='line_1_28' title="bbox 17 2171 1095 2227; baseline 0.001 -12"><span class='ocrx_word' id='word_1_116' title='bbox 17 2171 98 2215; x_wconf 74' lang='grc' dir='ltr'>’Λᾶ</span> <span class='ocrx_word' id='word_1_117' title='bbox 123 2173 180 2214; x_wconf 86' lang='lat' dir='ltr'>nil</span> <span class='ocrx_word' id='word_1_118' title='bbox 208 2174 453 2215; x_wconf 83' lang='lat' dir='ltr'>vescendum</span> <span class='ocrx_word' id='word_1_119' title='bbox 484 2178 525 2215; x_wconf 87' lang='lat' dir='ltr'>et</span> <span class='ocrx_word' id='word_1_120' title='bbox 556 2173 811 2215; x_wconf 84' lang='lat' dir='ltr'>tolerandam</span> <span class='ocrx_word' id='word_1_121' title='bbox 844 2174 1095 2227; x_wconf 79' lang='lat' dir='ltr'>esuriginem</span> 
     </span>
     <span class='ocr_line' id='line_1_29' title="bbox 18 2242 935 2298; baseline 0.001 -14"><span class='ocrx_word' id='word_1_122' title='bbox 18 2246 98 2284; x_wconf 74' lang='lat' dir='ltr'>est</span> <span class='ocrx_word' id='word_1_123' title='bbox 123 2242 390 2297; x_wconf 75' lang='lat' dir='ltr'>Tiihymallus</span> <span class='ocrx_word' id='word_1_124' title='bbox 420 2246 525 2286; x_wconf 81' lang='lat' dir='ltr'>alter</span> <span class='ocrx_word' id='word_1_125' title='bbox 554 2249 624 2285; x_wconf 84' lang='lat' dir='ltr'>aut</span> <span class='ocrx_word' id='word_1_126' title='bbox 655 2245 935 2298; x_wconf 87' lang='lat' dir='ltr'>Philippides:</span> 
     </span>
     <span class='ocr_line' id='line_1_30' title="bbox 18 2313 1082 2367; baseline 0.001 -12"><span class='ocrx_word' id='word_1_127' title='bbox 18 2313 86 2355; x_wconf 53' lang='lat' dir='ltr'>{ad</span> <span class='ocrx_word' id='word_1_128' title='bbox 111 2326 253 2367; x_wconf 77' lang='lat' dir='ltr'>nquam</span> <span class='ocrx_word' id='word_1_129' title='bbox 281 2316 513 2366; x_wconf 73' lang='lat' dir='ltr'>bibendam,</span> <span class='ocrx_word' id='word_1_130' title='bbox 542 2329 664 2357; x_wconf 78' lang='lat' dir='ltr'>rnna:</span> <span class='ocrx_word' id='word_1_131' title='bbox 695 2317 866 2356; x_wconf 86' lang='lat' dir='ltr'>edendis</span> <span class='ocrx_word' id='word_1_132' title='bbox 897 2316 1082 2356; x_wconf 86' lang='lat' dir='ltr'>oleribus</span> 
     </span>
     <span class='ocr_line' id='line_1_31' title="bbox 19 2387 1142 2440; baseline 0.002 -16"><span class='ocrx_word' id='word_1_133' title='bbox 19 2395 249 2438; x_wconf 51' lang='lat' dir='ltr'>¹pori-nque,</span> <span class='ocrx_word' id='word_1_134' title='bbox 279 2398 418 2427; x_wconf 81' lang='lat' dir='ltr'>eruca:</span> <span class='ocrx_word' id='word_1_135' title='bbox 450 2387 592 2428; x_wconf 79' lang='lat' dir='ltr'>illuvie</span> <span class='ocrx_word' id='word_1_136' title='bbox 622 2387 922 2440; x_wconf 81' lang='lat' dir='ltr'>strigmentum‚</span> <span class='ocrx_word' id='word_1_137' title='bbox 953 2387 1142 2426; x_wconf 85' lang='lat' dir='ltr'>scabres:</span> 
     </span>
    </p>
   </div>
   <div class='ocr_carea' id='block_1_19' title="bbox 37 2455 1168 2511">
    <p class='ocr_par' dir='ltr' id='par_1_19' title="bbox 37 2455 1168 2511">
     <span class='ocr_line' id='line_1_32' title="bbox 37 2455 1168 2511; baseline 0.004 -17"><span class='ocrx_word' id='word_1_138' title='bbox 37 2455 188 2496; x_wconf 71' lang='lat' dir='ltr'>merula</span> <span class='ocrx_word' id='word_1_139' title='bbox 215 2456 442 2509; x_wconf 82' lang='lat' dir='ltr'>degendam</span> <span class='ocrx_word' id='word_1_140' title='bbox 472 2458 524 2498; x_wconf 86' lang='lat' dir='ltr'>ad</span> <span class='ocrx_word' id='word_1_141' title='bbox 551 2458 729 2498; x_wconf 90' lang='lat' dir='ltr'>hiemem</span> <span class='ocrx_word' id='word_1_142' title='bbox 759 2458 835 2498; x_wconf 89' lang='lat' dir='ltr'>sub</span> <span class='ocrx_word' id='word_1_143' title='bbox 866 2458 964 2498; x_wconf 87' lang='lat' dir='ltr'>love</span> <span class='ocrx_word' id='word_1_144' title='bbox 993 2456 1168 2511; x_wconf 83' lang='lat' dir='ltr'>frigido:</span> 
     </span>
    </p>
   </div>
   <div class='ocr_carea' id='block_1_20' title="bbox 20 2525 1050 2723">
    <p class='ocr_par' dir='ltr' id='par_1_20' title="bbox 20 2525 1050 2723">
     <span class='ocr_line' id='line_1_33' title="bbox 39 2525 801 2568; baseline 0.007 -5"><span class='ocrx_word' id='word_1_145' title='bbox 39 2527 149 2565; x_wconf 72' lang='lat' dir='ltr'>aestu</span> <span class='ocrx_word' id='word_1_146' title='bbox 176 2525 345 2567; x_wconf 80' lang='lat' dir='ltr'>ferendo</span> <span class='ocrx_word' id='word_1_147' title='bbox 376 2533 418 2567; x_wconf 79' lang='lat' dir='ltr'>et</span> <span class='ocrx_word' id='word_1_148' title='bbox 446 2527 597 2568; x_wconf 78' lang='lat' dir='ltr'>fabulis</span> <span class='ocrx_word' id='word_1_149' title='bbox 627 2529 801 2568; x_wconf 89' lang='lat' dir='ltr'>meridie</span> 
     </span>
     <span class='ocr_line' id='line_1_34' title="bbox 20 2591 1050 2652; baseline 0.003 -17"><span class='ocrx_word' id='word_1_150' title='bbox 20 2591 180 2645; x_wconf 61' lang='lat' dir='ltr'>sunau,</span> <span class='ocrx_word' id='word_1_151' title='bbox 206 2597 367 2638; x_wconf 75' lang='lat' dir='ltr'>cicada:</span> <span class='ocrx_word' id='word_1_152' title='bbox 397 2598 448 2638; x_wconf 78' lang='lat' dir='ltr'>ud</span> <span class='ocrx_word' id='word_1_153' title='bbox 478 2599 561 2639; x_wconf 88' lang='lat' dir='ltr'>olei</span> <span class='ocrx_word' id='word_1_154' title='bbox 590 2599 768 2648; x_wconf 87' lang='lat' dir='ltr'>inusum,</span> <span class='ocrx_word' id='word_1_155' title='bbox 799 2600 932 2652; x_wconf 86' lang='lat' dir='ltr'>pulvis</span> <span class='ocrx_word' id='word_1_156' title='bbox 964 2604 1050 2640; x_wconf 77' lang='lat' dir='ltr'>est:</span> 
     </span>
     <span class='ocr_line' id='line_1_35' title="bbox 21 2663 982 2723; baseline 0.007 -20"><span class='ocrx_word' id='word_1_157' title='bbox 21 2663 91 2703; x_wconf 69' lang='grc' dir='ltr'>,ιὰ</span> <span class='ocrx_word' id='word_1_158' title='bbox 116 2665 398 2723; x_wconf 68' lang='lat' dir='ltr'>ambulandum</span> <span class='ocrx_word' id='word_1_159' title='bbox 428 2682 562 2720; x_wconf 76' lang='lat' dir='ltr'>mnne,</span> <span class='ocrx_word' id='word_1_160' title='bbox 592 2670 668 2711; x_wconf 87' lang='lat' dir='ltr'>sed</span> <span class='ocrx_word' id='word_1_161' title='bbox 696 2671 786 2711; x_wconf 87' lang='lat' dir='ltr'>sine</span> <span class='ocrx_word' id='word_1_162' title='bbox 815 2671 982 2720; x_wconf 78' lang='lat' dir='ltr'>calceis,</span> 
     </span>
    </p>
   </div>
   <div class='ocr_carea' id='block_1_21' title="bbox 22 2736 1202 2790">
    <p class='ocr_par' dir='ltr' id='par_1_21' title="bbox 22 2736 1202 2790">
     <span class='ocr_line' id='line_1_36' title="bbox 22 2736 1202 2790; baseline 0.004 -15"><span class='ocrx_word' id='word_1_163' title='bbox 22 2738 155 2786; x_wconf 66' lang='lat' dir='ltr'>fgrust</span> <span class='ocrx_word' id='word_1_164' title='bbox 182 2736 234 2777; x_wconf 77' lang='lat' dir='ltr'>ad</span> <span class='ocrx_word' id='word_1_165' title='bbox 263 2737 490 2780; x_wconf 78' lang='lat' dir='ltr'>ducendam</span> <span class='ocrx_word' id='word_1_166' title='bbox 519 2746 684 2782; x_wconf 81' lang='lat' dir='ltr'>noctem</span> <span class='ocrx_word' id='word_1_167' title='bbox 712 2741 959 2790; x_wconf 83' lang='lat' dir='ltr'>insomnem,</span> <span class='ocrx_word' id='word_1_168' title='bbox 989 2742 1152 2782; x_wconf 80' lang='lat' dir='ltr'>noctua.</span> <span class='ocrx_word' id='word_1_169' title='bbox 1200 2748 1202 2750; x_wconf 84' lang='grc'><em>·</em></span> 
     </span>
    </p>
   </div>
  </div>
 </body>
</html>
