1656 3146
261 154 346 196 688
838 154 1164 199 EPlcssA'ruS.

676 263 754 306 EX
781 265 1003 308 FABULA
1034 269 1294 311 1NcERTA.

267 334 376 387 Quid
404 344 513 375 nunc
541 331 697 373 faciunt
727 334 858 384 Plato,
888 336 1155 391 Speusippus,

266 417 358 446 cum
388 402 667 443 Menedemo?
697 403 793 453 quid
823 405 1051 456 dissertant,

265 478 334 514 aut
365 486 463 526 quas
492 483 610 511 curas
640 471 764 511 corde
794 473 1008 515 volutant?

264 554 367 594 quae
395 555 461 582 res
491 543 572 582 illis
600 542 684 581 acri
710 542 845 582 studio

263 611 483 652 scrutanda
513 611 606 650 data
636 612 726 650 est?
755 611 901 653 horum
930 624 1080 665 gnarus
1106 644 1108 649 s

264 681 438 720 sizt'orte
469 682 595 730 venis,
627 684 772 732 perte
801 693 874 721 oro
906 682 1015 722 Deos

262 762 444 789 memora
473 749 594 789 docto
625 762 815 790 sermone
844 750 956 790 mihi.

261 819 308 858 B.
338 819 461 858 Certo
492 819 607 859 nobis
636 822 845 870 comperta
875 830 1032 870 rogas.¹

261 891 371 927 casta
398 888 599 927 novabunt
627 899 740 926 sacra
771 887 1049 938 quinquatrus,

261 968 351 996 cum
382 969 483 1008 grex
512 957 703 995 iuvenum
734 954 834 994 mihi
863 960 1104 1009 conspectus

259 1026 300 1064 in
329 1026 547 1077 gymnasiis
579 1024 815 1063 Hecademe
845 1024 938 1064 tuis.

262 1094 322 1133 ibi
356 1106 566 1134 sermones
596 1093 737 1132 audire
765 1092 863 1132 mihi

259 1163 383 1203 valde
413 1163 611 1203 absurdos
642 1162 761 1202 datur
789 1165 831 1201 et
859 1174 960 1214 quos
990 1163 1043 1203 sit

258 1233 450 1272 retulisse
480 1232 610 1280 nefas,
639 1231 737 1271 dum
767 1236 950 1272 naturam

256 1313 393 1341 rerum
424 1305 537 1340 certo
566 1301 694 1340 limite
725 1301 899 1353 signant,

257 1374 380 1422 atque
409 1371 450 1409 in
481 1374 616 1421 partes
648 1374 688 1409 et
718 1370 900 1409 membra
928 1376 1081 1420 secant,

255 1451 363 1479 nunc
392 1440 638 1478 animantum
668 1440 777 1478 secia
806 1439 1003 1488 videntes,

256 1514 298 1548 et
326 1520 432 1548 nunc
462 1509 610 1560 stirpes
642 1507 880 1559 olen-umque
909 1521 1061 1560 genus:

254 1579 416 1628 iamque
446 1577 656 1617 cucurbita
683 1578 797 1616 cuius
827 1577 966 1616 classis

254 1647 427 1686 dicenda
456 1647 578 1694 soret,
607 1647 722 1685 labor
752 1658 846 1685 acer
876 1651 975 1687 erat.

255 1718 304 1757 A.
335 1717 454 1768 Rogo
486 1720 539 1764 te,
569 1716 604 1754 si
634 1716 734 1764 scis,
758 1715 823 1754 dic
853 1715 967 1754 cuius
997 1727 1087 1755 eam

255 1785 395 1825 dixere
424 1785 589 1837 gregis?
618 1797 790 1836 quemve
818 1784 860 1824 in
889 1785 1013 1824 finem

254 1855 400 1895 cecidit
429 1855 546 1894 labor
575 1854 839 1905 inquirendi?
948 1841 950 1843 ’

250 1924 299 1964 Β.
330 1923 510 1962 Primum
541 1923 652 1962 taciti

251 1996 293 2031 et
322 1993 496 2044 figentes
524 1986 678 2031 lumine
707 1994 859 2033 terram

250 2062 410 2101 stabant
439 2061 551 2100 dubii
581 2066 766 2114 tempore
793 2063 939 2115 longo:

249 2131 323 2171 sed
351 2130 484 2170 adhuc
512 2135 670 2177 restans
700 2130 796 2171 dum
825 2133 944 2172 turba
972 2133 1104 2174 minor

249 2211 399 2240 cernua
428 2199 599 2250 quaerit,
629 2200 825 2240 maiorum
855 2202 1000 2254 aliquis

247 2268 320 2308 ille
348 2269 569 2308 rotundum
599 2268 743 2308 definit
772 2270 875 2319 olus,

247 2338 350 2379 alter
374 2338 537 2390 generis
566 2339 693 2390 magis
723 2339 898 2388 arborei,

246 2409 392 2447 tertius
420 2407 603 2447 herbam.
661 2420 765 2459 quae
795 2409 890 2448 dum
918 2409 1100 2449 medicus

247 2477 408 2528 quidam
438 2490 462 2516 e
491 2477 638 2517 Siculis
667 2477 815 2518 finibus
846 2479 970 2527 audit,

247 2548 374 2598 nugas
403 2546 541 2585 ridens
570 2547 724 2598 pedere
754 2547 903 2599 coepit.

245 2614 341 2655 hinc
370 2615 452 2655 bile
481 2615 592 2667 gravi
622 2628 814 2655 succensa
844 2617 989 2661 cohors

245 2696 291 2725 se
320 2684 494 2724 ludibrio
524 2686 683 2736 quaerit
712 2684 879 2726 haberi:
