1702 3158
257 194 312 236 :32
807 185 887 228 AN
893 183 1156 230 TIPHAMS

258 302 331 343 sed
360 313 435 354 per
464 297 838 351 interrogationem.
869 316 922 330 -.-
951 295 1024 337 Vs.
1042 296 1095 335 lo
1129 290 1236 349 θίγῃ
1254 293 1458 335 Iacobsius
1479 307 1553 348 pro
1581 289 1702 352 '8152212'

259 372 320 412 De
349 372 472 410 Mane
508 369 550 408 in
587 367 736 408 cottabi
774 363 871 404 ludo
907 363 989 405 dixi
1027 376 1148 415 supra
1186 364 1266 404 vol.
1297 364 1336 403 11
1372 377 1413 416 p.
1440 365 1536 406 398.
1604 366 1702 408 Post

259 454 319 481 vs.
349 440 402 479 13
430 438 582 488 aliquid
610 435 794 476 omisisse
823 432 1095 481 Athenaeum,
1125 433 1213 484 ipse
1240 433 1444 474 indicavit.
1470 459 1524 467 —-
1554 434 1626 476 Vs.
1650 435 1702 476 15

259 509 375 560 attigi
403 520 526 559 supra
555 504 605 544 ad
630 503 782 543 Gratin.
802 515 842 554 Ρ.
859 502 953 541 180.
985 522 1035 530 —
1067 501 1137 542 Vs.
1152 502 1204 540 16
1233 498 1376 553 ἐγχέας
1403 503 1450 542 Β.
1481 516 1556 544 nec
1583 504 1702 560 male}

258 578 292 618 si
331 577 465 616 deleta
503 574 546 614 in
575 574 658 612 fine
688 583 829 611 versus
867 570 1197 622 interpunctione
1231 568 1375 622 ἐγχέας
1404 584 1495 612 cum
1526 568 1702 626 ἐφήσεις

259 647 496 697 coniungas.
526 667 581 673 —-
611 642 679 682 Vs.
699 640 753 679 18
782 634 901 692 ὑψοῦ
928 651 1003 691 pro
1031 631 1173 691 ὕψους
1192 640 1344 680 Corae·
1374 641 1480 694 apud
1495 642 1702 696 Schweig-

257 715 502 754 haeuser-um
531 713 573 749 et
603 709 826 749 Personas.
854 731 907 742 ———
944 707 1016 750 Vs.
1046 709 1101 749 20
1130 703 1294 749 αὑτόσ’
1322 710 1406 754 VL.
1433 706 1587 751 αὐτόσε
1618 713 1702 757 Am

252 777 413 834 ‘ai'lrdye
443 782 490 823 C.
529 772 661 825 αὐτὸς
692 777 738 818 Ρ.

723 1001 1271 1045 ΒΑΚΧΑΙ.

418 1124 542 1168 Ἐπεὶ
573 1121 619 1164 δὲ
648 1118 772 1164 τοῦτ’
805 1120 883 1164 οὐκ
911 1119 1016 1174 ἔστι,
1046 1119 1324 1177 κακοδαίμων
1352 1119 1527 1179 σφόδρα

419 1203 539 1256 ὅστις
568 1207 702 1260 γαμεῖ
723 1206 922 1260 γυναῖκα,
950 1204 1064 1256 πλὴν
1092 1205 1143 1247 ἐν
1166 1207 1256 1255 τοῖς
1284 1203 1509 1256 Σκύθαις·
1699 1259 1702 1264 ἱ

1693 1279 1702 1302 l

1692 1329 1702 1372 ,i

366 1404 602 1447 Athenaeus
632 1403 670 1443 X
698 1416 738 1455 p.
770 1402 847 1442 441
866 1401 912 1441 d:
956 1396 1230 1460 Ἀντιφάνης
1267 1396 1461 1454 Βάκχαις
1492 1396 1617 1442 Ἐπεὶ
1654 1394 1702 1455 δῆ

256 1473 345 1516 κτλ.
402 1474 509 1516 Vs.l
541 1466 660 1510 τοῦτ’
693 1466 768 1510 οὐκ
797 1467 889 1509 ἔστι
918 1483 973 1510 sc.
1003 1472 1195 1511 mulieres
1224 1471 1427 1511 abstinere
1456 1484 1480 1512 a
1509 1473 1615 1513 vino.
1645 1485 1701 1510 -ι

257 1547 328 1587 Vs.
358 1545 385 1584 3
421 1537 517 1594 οὐχὶ
553 1542 633 1581 iam
673 1542 770 1581 olim
810 1539 952 1591 scripsi
981 1552 1056 1592 pro
1085 1534 1150 1579 οὐ.
1208 1541 1326 1579 Nunc
1352 1540 1461 1580 idem
1491 1542 1699 1585 Dobraeun

256 1615 360 1655 Adv.
394 1614 433 1653 11
463 1626 502 1665 p.
533 1611 629 1650 327.
704 1609 823 1662 Quod
851 1608 958 1661 apud
988 1608 1160 1660 Scythas
1189 1609 1310 1648 vitem
1340 1621 1421 1648 non
1450 1609 1561 1662 gigni
1589 1611 1701 1662 dicit,

420 1291 507 1333 ἐκεῖ
529 1286 667 1345 μόνον
695 1287 777 1344 γὰρ
804 1287 899 1344 οὐχὶ
928 1286 1058 1345 (φύετ’
1086 1286 1290 1344 ἄμπελος.

180 1693 183 1696 ·
257 1684 436 1724 affirmat
477 1682 598 1721 etiam
634 1679 878 1719 Anacharsis
909 1677 1015 1729 apud
1044 1677 1307 1717 Aristotelem
1336 1678 1496 1730 Analyt.
1526 1684 1631 1731 post.
1663 1681 1696 1731 1,

255 1753 334 1791 12:
370 1744 438 1790 ὅτι
467 1747 513 1788 ἐν
534 1743 736 1794 Σκύθαις
764 1743 841 1785 οὐκ
868 1739 979 1784 εἰσιν
1007 1740 1281 1799 αὐλητρίδες,
1319 1740 1419 1784 οὐδὲ
1446 1742 1529 1801 γὰρ
1557 1743 1696 1802 ἄμπε-

255 1817 337 1861 λοι.
395 1819 470 1860 Cfr
498 1817 706 1870 Wyttenb.
737 1817 788 1857 ad
818 1814 1027 1856 Plutarchi
1056 1823 1172 1855 conv.
1201 1827 1286 1868 sap.
1315 1827 1356 1867 Ρ.
1387 1815 1467 1855 150
1482 1817 1523 1870 d.

639 2041 1283 2086 ΒΑΤΑΛΟΣ.

365 2166 610 2208 Plutarchus
638 2167 688 2209 V.
719 2167 931 2208 Demosth.
961 2180 1049 2220 cap.
1078 2168 1126 2207 4:
1164 2155 1221 2216 ἦν
1248 2163 1299 2205 δ’
1328 2163 1351 2206 ὁ
1379 2165 1602 2221 Βάταλος,
1639 2166 1702 2210 051

253 2237 332 2289 μὲν
359 2232 467 2276 ἔνιοί
495 2246 653 2289 φασιν,
684 2233 872 2285 αὐλητὴς
901 2234 987 2274 τῶν
1013 2232 1306 2288 κατεαγότων·
1343 2237 1418 2277 καὶ
1454 2228 1696 2294 δραμάτιον

253 2300 313 2353 εἰς
349 2303 516 2354 τοῦτον,
551 2303 768 2360 κωμῳδῶν
803 2300 959 2354 αὐτόν,
1007 2299 1280 2358 Ἀντιφάνης
1321 2304 1562 2357 πεποίηκεν.
1633 2312 1666 2351 D

253 2376 394 2415 Batalo
424 2376 508 2415 sive
537 2376 694 2415 Battalo
725 2376 805 2415 dixi
835 2376 942 2416 nist.
970 2376 1059 2415 crit.
1088 2390 1127 2428 p.
1157 2377 1252 2425 334,
1282 2379 1350 2417 ubi
1379 2378 1484 2431 fugit
1513 2393 1578 2419 me
1606 2382 1674 2421 He

254 2445 360 2496 dyli,
403 2449 548 2496 poetae
577 2445 863 2494 Alexandrini,
903 2446 1016 2486 locus
1052 2447 1235 2498 inprimis
1272 2448 1543 2489 memorabilis
1586 2461 1664 2502 apu
1690 2434 1702 2454 ⁸

252 2513 403 2554 Athen.
436 2514 490 2554 ιν
520 2515 742 2565 p.176d:
779 2508 899 2562 ηὔλει
937 2511 983 2553 δὲ
1013 2512 1216 2564 Ιλαύκης
1249 2515 1564 2569 μεμεθυσμένα
1591 2508 1689 2558 παῖ’1

251 2593 353 2634 yma
371 2579 601 2632 Μουσέων,
625 2584 631 2635 Ι
658 2582 731 2622 καὶ
749 2579 825 2622 τὸν
847 2580 893 2620 ἐν
907 2578 1108 2636 άκρητοις
1120 2582 1354 2624 Βάτταλον
1370 2581 1605 2637 ἡδυπότην,
1633 2586 1641 2641 1
1662 2574 1702 2643 rss}

251 2647 331 2690 τὸν
358 2645 572 2689 Κώταλον
607 2647 636 2700 ἢ
663 2649 741 2691 τὸν
769 2647 1019 2704 Πάγκαλον.
1086 2656 1149 2694 Ex
1186 2667 1266 2705 quo
1304 2655 1395 2695 loco
1432 2656 1702 2710 manifestum&

254 2724 335 2770 est,
372 2720 522 2761 lasciva
564 2722 762 2773 quaedam
801 2723 978 2764 carmina
1013 2723 1143 2764 Batali
1181 2737 1329 2766 nomen
1363 2725 1638 2777 praeferentia
1665 2735 1702 2779 ιρι

1683 2818 1686 2856 Ι

1678 2871 1684 2910 ἒξ

1674 3012 1693 3158 ι
