1702 3158
217 189 299 230 ⁰52
749 186 1121 231 ANTu’nANE&

657 296 693 337 A
720 295 746 336 1
773 296 827 337 Π
849 297 897 339 Λ
920 297 965 338 A
993 297 1036 338 Σ
1062 297 1086 338 1
1118 297 1153 339 0
1181 299 1217 341 1.

674 404 677 408 »
739 382 874 423 Nemo
905 395 1095 435 unquam,
1124 384 1240 434 here,

218 452 418 494 moriendi
438 451 616 504 cupidus
645 452 752 492 vitae
780 452 974 504 imposuit
1003 453 1243 493 terminum:

218 522 292 563 sed
321 522 458 562 avidos
487 522 591 561 vitae
621 522 792 574 pedibus
821 534 941 562 orcus
970 521 1149 562 detrahit

219 595 419 632 restantes
449 590 614 640 frustra,
651 597 693 631 et
722 591 853 643 epulis
882 605 904 631 a
933 591 1154 632 Saliaribus

219 661 446 714 opibusque
474 661 627 713 opimis
657 661 707 701 ad
737 674 870 702 sacras
899 660 1017 701 sedes
1046 660 1164 714 rapit.

634 825 1248 869 ΕΠΙΚΛΗΡΟΣ.

217 913 427 960 Senectus,
456 913 649 963 quam'tu
680 925 724 953 es
753 913 940 953 omnibus
969 911 1207 951 mortalibus

218 981 399 1022 amabilis
428 985 470 1020 et
499 982 655 1034 cupita3
684 981 758 1022 sed
788 993 912 1033 quum
941 981 1118 1029 veneris,

217 1050 379 1100 infesta,
408 1051 614 1091 taediosa!
643 1051 848 1091 benedicit
877 1051 950 1090 tibi

217 1132 355 1171 nemo,
381 1121 450 1173 qui
479 1120 640 1172 sapiunt
670 1119 865 1160 differunt
893 1122 933 1159 te
963 1118 1115 1172 pipulo.

712 1281 1175 1326 ΕΥΠΛΟΙΑ.

218 1372 401 1414 Tristitia
429 1370 660 1412 homiuibus
690 1370 852 1421 vitaque
881 1369 1167 1410 aerumnabilis

217 1443 396 1496 pictores
424 1440 540 1480 valde
569 1444 663 1480 sunt
693 1439 810 1478 mali:
842 1450 1016 1490 namque
1046 1438 1127 1478 hoe
1155 1441 1280 1491 agunt

216 1510 405 1562 primum,
434 1512 480 1547 ut
510 1509 688 1549 colorem
719 1508 899 1549 defluant
930 1520 953 1547 e
983 1519 1168 1559 corpore.

754 1671 1139 1714 ΕΦΕΣΙΛ.

218 1763 363 1805 Miseri
393 1763 461 1813 qui
490 1763 531 1802 in
561 1761 708 1814 pelago
738 1758 859 1798 vitam
888 1758 1049 1796 vivunt:
1080 1759 1115 1798 si
1143 1760 1279 1799 tamen

217 1833 308 1886 quis
337 1833 593 1884 navigantum
623 1829 740 1877 vivit3
770 1832 934 1868 eentum
969 1826 1099 1866 stadia

218 1906 328 1944 terra
358 1901 563 1953 proficisci
592 1898 729 1946 satius,
759 1909 878 1948 quam
907 1897 1025 1948 iuger
1052 1895 1166 1934 mari.

220 1976 265 2013 tu
295 1971 468 2024 npelago
498 1969 639 2010 credas
668 1972 709 2007 te
740 1970 800 2005 tot
829 1964 950 2007 salvis
979 1964 1188 2008 restibus?

706 2107 1235 2180 HNJoxox‘

220 2234 321 2276 Viro
351 2233 411 2271 vir
438 2227 539 2269 illud
567 2228 758 2266 interest:
790 2224 892 2264 alter
921 2222 1027 2261 malo

221 2303 392 2344 affectus
419 2300 461 2339 id
490 2298 585 2338 dum
613 2297 735 2335 iactat
762 2291 946 2334 accendit
975 2290 1116 2342 magis,

223 2373 327 2413 alter
356 2369 582 2412 succollans
610 2365 692 2408 fert
722 2364 878 2406 minore
905 2358 1177 2405 incommodo.

765 2522 1149 2568 ΙΑΤΡΟΣ.

226 2616 428 2673 Quicquid
456 2615 679 2655 luctificum
708 2615 771 2653 est
798 2611 969 2659 homini,
996 2610 1038 2650 id
1069 2609 1177 2651 enim
1204 2606 1368 2649 morbus
1397 2609 1459 2648 est

230 2698 470 2741 quacunque
500 2697 600 2725 voce
630 2683 791 2724 dixeris.
