1702 3158
254 154 336 193 668
755 149 1197 193 ANAXANanES.

255 263 471 310 formosos,
501 264 562 301 est
591 260 738 302 theatri
768 261 930 301 molitor
958 262 1062 301 novi.

255 334 346 373 ioco
378 332 445 383 qui
475 331 623 383 eripuit
650 342 796 383 agnum
828 331 989 381 pastori,
1021 335 1082 371 est
1118 332 1291 381 Atreus;

257 403 326 454 qui
355 413 453 440 vero
484 400 666 447 arietem,
699 399 884 451 Phryxus
914 400 1236 452 nuncupabitur3

256 471 324 522 qui
354 470 495 518 vellus,
527 469 656 509 Iason.

726 632 1252 676 ΙΙΟΛΕΙΣ.

258 724 348 776 Ego
379 733 469 761 esse
498 721 633 759 vester
662 731 742 758 non
773 730 917 770 queam
947 718 1180 768 commilito,

258 790 418 844 quando
448 802 524 829 nec
550 788 679 840 leges,
709 800 786 828 nec
815 801 950 828 mores
979 789 1250 839 consentiunt,

259 860 332 900 sed
362 859 499 899 multis
529 859 636 898 inter
664 870 709 898 se
737 858 961 898 intervallis
991 858 1200 898 dissident.

256 930 401 970 bovem
432 933 477 968 tu
506 927 664 976 adurae,
695 939 770 979 ego
802 938 920 978 quem
949 927 1134 967 sacrifico
1164 927 1273 968 Deis.

258 998 474 1051 anguillam
504 1008 653 1036 numen
684 1008 775 1035 esse
804 996 907 1036 reris
937 996 1150 1048 optimum,

258 1079 363 1120 quae
391 1066 489 1106 mihi
519 1068 684 1117 putatur
714 1064 911 1115 optimum
943 1077 1033 1104 esse
1062 1063 1290 1104 obsonium.

258 1149 341 1177 non
370 1135 548 1175 vesceris
578 1134 719 1183 suilla,
749 1133 848 1173 mihi
878 1134 988 1174 nulla
1017 1138 1081 1174 est
1111 1145 1204 1173 caro

257 1218 362 1258 quae
390 1204 522 1256 sapiat
549 1203 707 1242 melius.
765 1207 850 1242 tum
880 1206 924 1243 tu
953 1203 1158 1243 veneraris
1187 1214 1348 1242 canem:

259 1288 336 1328 ego
367 1274 555 1322 eundem,
586 1272 621 1311 si
651 1271 791 1324 epulas
821 1273 1108 1325 praegustavit,
1138 1273 1322 1312 verbero.

258 1345 324 1384 lex
354 1348 491 1384 nostra
520 1342 628 1382 solos
660 1342 729 1392 qui
757 1341 916 1393 integro
945 1347 1038 1382 sunt
1067 1354 1254 1395 corpore,

260 1418 302 1454 at
330 1417 463 1453 vestra
491 1411 656 1451 mutilos
685 1411 752 1450 lex
781 1411 1017 1452 sacerdotes
1048 1413 1206 1464 probat.

260 1487 346 1523 tum
377 1483 411 1522 si
441 1481 549 1533 quod
578 1480 704 1520 felem
734 1480 916 1532 attigerit
943 1481 1212 1521 infortunium

259 1553 419 1606 ploras:
452 1563 529 1603 ego
560 1550 670 1589 illam
701 1549 842 1589 occido
873 1554 914 1589 et
945 1551 1106 1591 excorio
1136 1550 1280 1590 libens.

260 1633 448 1674 magnum
479 1619 576 1672 quid
603 1619 711 1672 apud
740 1631 825 1668 vos,
855 1619 954 1661 mihi
984 1621 1040 1662 nil
1070 1633 1160 1661 mus
1188 1629 1373 1661 araneus.

759 1781 1206 1826 ΣΛΜΙΛ.

263 1873 448 1924 Namque
477 1868 671 1910 assentari
701 1868 870 1910 comitas
900 1881 1007 1911 nunc
1037 1870 1196 1911 dicitur.
1275 1926 1277 1929 ι

692 2032 1278 2078 ΦΑΡΜΑΚΟΜΑΝΤΙΣ.

265 2125 383 2179 Quod
412 2133 501 2163 sum
533 2122 769 2168 ostentator,
800 2119 951 2160 vitione
980 2120 1023 2160 id
1053 2121 1176 2161 vertis
1204 2122 1334 2162 mihi?

264 2196 374 2248 atqui
402 2194 525 2244 longe
554 2190 658 2229 haec
686 2202 750 2230 ars
779 2190 877 2231 alias
905 2195 1086 2243 superat,
1114 2192 1274 2232 unicam

262 2265 558 2308 attentatricem
587 2263 761 2313 praeter,
791 2273 894 2313 quae
923 2261 1073 2313 primas
1104 2265 1227 2302 tenet.

683 2450 942 2492 FABULAE
983 2448 1280 2490 INCERTAE.

969 2551 1000 2591 l.

268 2636 330 2677 De
358 2635 508 2688 nuptiis
538 2635 615 2687 qui>
636 2635 821 2686 consulit,
851 2635 928 2676 sibi
958 2634 1132 2675 consulit

269 2719 350 2747 non
380 2707 499 2756 bene,
529 2705 623 2759 quia
652 2706 836 2747 consulto
865 2704 1134 2747 inconsultam
1159 2715 1246 2746 rem
1275 2702 1393 2745 facit:
