1702 3158
204 151 288 197 458
796 150 1053 194 Amxmls

307 267 552 309 >Athenaeus
583 265 640 308 VI
669 278 709 317 p.
731 264 875 304 2400:
904 253 957 303 οὗ
984 264 1241 317 (Tithymalli
1269 266 1452 318 parasiti)
1479 277 1645 319 μνημο-

203 331 316 377 νεύει
335 331 509 386 ”Αλεξις
537 333 583 374 ἐν
612 330 816 388 Μιλησία
844 358 899 365 -
921 332 968 372 ἐν
996 332 1042 373 δὲ
1067 329 1327 381 Ὀλυνθίοις
1355 330 1492 388 φησίν
1515 330 1572 374 ‘O
1599 334 1646 376 δὲ

204 402 281 453 σὸς
309 404 436 454 πένης
464 403 552 445 κτλ.
583 404 780 444 Dicuntur
807 404 910 444 haec
940 405 1028 443 sine
1056 403 1180 445 dubio
1209 404 1261 444 de
1290 418 1351 454 ea,
1381 407 1649 458 quamprimo

203 475 431 528 fragmento
461 475 694 525 loquentem
723 474 908 523 vidimus,
938 474 1123 513 muliere.
1181 474 1350 514 Frustra
1377 476 1502 527 igitur
1531 488 1589 516 vs.
1618 476 1643 515 1

203 544 410 585 Porsonus
440 543 541 583 Adv.
572 557 612 595 p.
642 544 697 583 80
725 543 906 583 tentabat
928 535 1000 581 ὅδε
1031 540 1106 589 σὸς
1136 541 1360 593 πενέστης,
1395 539 1428 582 ὠ
1460 543 1646 595 γλυκεῖα,

203 613 387 666 quamvis
415 612 635 664 plaudente
665 612 852 654 Dobraeo
882 613 1052 653 Advers.
1084 613 1121 652 11
1152 627 1197 665 p.
1208 614 1304 662 310,
1331 614 1412 654 uisi
1436 615 1544 666 quod
1574 626 1653 654 <roa

201 683 354 722 mavult
383 694 456 734 pro
486 677 574 729 σός.
637 683 728 724 Non
758 682 967 722 servitium
998 683 1237 734 Tithymnlli
1263 684 1336 723 sed
1365 688 1646 736 paupertatem

200 751 309 791 ridet
337 752 459 792 etiam
489 753 539 792 ab
568 753 656 794 aliis
685 752 850 793 comicis
879 757 1154 793 memoratam.
1225 754 1328 795 Vide
1371 753 1422 794 nd
1451 753 1646 794 Timacus

199 822 327 863 Gnuu.
356 834 413 862 vs.
443 822 483 862 5.

882 878 955 918 111.

427 953 489 998 Οὐ
517 959 608 1006 τοῖς
636 955 718 1013 γὰρ
742 955 951 1012 ὀμνύουσι
980 956 1057 1000 τὸν
1087 957 1335 1015 φρονοῦντα
1364 957 1441 1011 δεῖ,
1476 983 1478 987 >

421 1041 512 1089 τοῖς
539 1036 791 1096 πράγμασιν
820 1038 868 1081 δ’
901 1038 1073 1083 αὐτοῖσι
1102 1039 1423 1084 πιστεύεινάεί.

311 1142 511 1184 Stobneus
539 1143 854 1186 Floril.XXV11
884 1145 910 1184 9
939 1157 1031 1185 cum
1059 1144 1251 1185 lemmate
1276 1139 1470 1195 Ἀλέξιδις
1496 1139 1653 1192 Ὀλυμ

201 1205 334 1253 θέων.
397 1212 530 1254 Versu
558 1213 689 1267 primo
720 1215 756 1254 A
784 1211 829 1252 ἐν
859 1215 1134 1267 superscripto
1164 1209 1227 1253 οὐ.

901 1325 971 1367 lv.

452 1402 673 1461 Εὐημερία
703 1405 912 1449 δέσποινα
940 1407 1014 1448 καὶ
1041 1404 1224 1460 Μοῦσαι
1252 1405 1394 1462 φίλαι.

312 1509 483 1550 Photius
512 1523 550 1562 Ρ.
567 1510 622 1549 30
653 1511 717 1551 16.
748 1506 991 1565 Εὐημερία.
1020 1523 1077 1557 ως
1104 1506 1178 1548 ἐν
1177 1507 1230 1566 τῇ
1259 1505 1492 1566 συνηθεία.
1512 1505 1647 1551 ’Ἀλε-

203 1576 267 1629 ξις
291 1573 517 1619 Ὀλυνθία
546 1576 765 1633 Εὐημερία
793 1577 882 1621 κτλ.
940 1580 1095 1621 Eadem
1120 1580 1311 1633 leguntur
1339 1580 1446 1634 apud
1481 1581 1646 1622 Suidam

202 1661 240 1691 v.
272 1644 487 1703 εὐημερία.

705 1823 1140 1867 0M01A.

375 1943 486 1988 Οὐδὲ
516 1943 795 2001 φιλόδειπνός
823 1943 911 2002 εἰμι
938 1945 1001 2003 μὰ
1031 1945 1105 1987 τὸν
1130 1942 1415 1997 Ἀσκληπιόν,

372 2027 648 2086 τραγήμασιν
672 2029 811 2087 χαίρω
842 2032 888 2073 δὲ
915 2030 1095 2087 μᾶλλον.
1150 2029 1206 2072 Β.
1235 2021 1282 2072 εὗ
1310 2027 1438 2073 πάνυ.

370 2114 429 2156 A.
459 2111 704 2170 τραγήματ’
734 2111 1015 2171 αἰσθάνομαι
1043 2113 1125 2170 γὰρ
1152 2108 1220 2156 ὅτι
1248 2112 1465 2168 νομίζεται

372 2199 462 2248 τοῖς
490 2198 695 2253 νυμφίοις
722 2199 918 2255 μετιοῦσι
947 2198 1027 2251 τὴν
1054 2196 1230 2255 νύμφην
1257 2198 1389 2253 λέγεις

316 2287 344 2328 5
373 2285 584 2340 παρέχειν,
615 2280 785 2338 ἄμητας
813 2285 885 2326 καὶ
913 2283 1060 2341 λαγῷα
1089 2283 1161 2325 καὶ
1189 2282 1347 2337 κίχλας.

371 2365 564 2410 τούτοισι
589 2367 741 2423 χαίρω,
771 2370 858 2417 τοῖς
889 2368 932 2408 δὲ
962 2368 1331 2422 κεκαρυκευμένοις

374 2449 529 2505 ὄψοισι
556 2454 629 2494 καὶ
658 2453 860 2506 ζωμοῖσιν
886 2446 1037 2507 ἡ’δομ’,
1065 2442 1098 2492 ὦ
1128 2450 1244 2494 θεοί.

321 2565 558 2607 Athenaeus
594 2567 691 2610 XIV
728 2581 769 2621 p.
800 2567 934 2607 642ι1.
981 2566 1033 2606 de
1078 2566 1268 2608 secundis
1316 2564 1466 2604 mensis
1504 2575 1648 2616 agens:

202 2629 377 2685 ''Azegag
404 2633 653 2692 Πολυκλείᾳ
683 2662 735 2670 --
765 2635 838 2675 καὶ
866 2633 912 2675 ἐν
936 2631 1090 2690 Ὁμοίᾳ
1117 2661 1172 2668 --
1201 2631 1250 2674 τὸ
1291 2631 1339 2673 δ’
1370 2629 1476 2673 αὐτὸ
1505 2630 1651 2685 δρᾶμα

211 2704 284 2745 καὶ
313 2700 368 2753 ὥς
392 2700 655 2745 Ἀντιδότου
684 2704 858 2760 φέρεται
881 2732 933 2739 -
969 2700 1078 2745 Οὐδὲ
1108 2700 1383 2759 φιλόδειπνος
1411 2703 1498 2746 κτλ.
1538 2703 1606 2745 Vs.
1624 2704 1650 2742 2
