1702 3158
580 676 1310 736 NIOOSTRATUS.

333 917 394 956 De
424 908 655 956 Nicostrato
686 919 751 963 et,
788 914 902 954 euius
937 913 1166 966 fragmenta
1207 915 1388 966 proxime
1423 919 1514 967 post
1543 916 1664 954 Nico-

222 990 392 1025 stratum
418 989 656 1036 sequuntur,
685 984 918 1022 Philetaero
948 995 1113 1035 prorsus
1144 997 1247 1024 nova
1276 984 1373 1023 mihi
1403 984 1548 1023 accidit
1564 984 1665 1022 Por-

222 1055 310 1093 soni
342 1055 596 1098 coniectura,
634 1062 751 1102 quam
789 1052 852 1091 his
884 1052 1016 1090 verbis
1045 1053 1204 1091 rettulit
1234 1053 1339 1093 Rob.
1370 1052 1557 1103 Walpole
1587 1053 1667 1091 Co-

221 1122 314 1163 mic.
344 1133 478 1173 graec.
518 1120 663 1171 fragm.
686 1133 724 1170 p.
755 1120 822 1159 99.
890 1120 1159 1170 „Quicunque
1198 1125 1385 1160 accurate
1422 1121 1588 1160 Suidam
1626 1121 1666 1160 in
1695 1136 1698 1139 ’

221 1189 387 1229 vocibus
429 1187 684 1239 Φιλέταιρος
721 1191 763 1226 et
802 1182 1100 1241 Νικόστρατος
1127 1189 1394 1238 lectitaverit‚
1441 1190 1476 1229 is
1514 1189 1667 1240 liquido

223 1257 410 1298 deierare
441 1263 579 1310 posset
609 1258 683 1296 ista
716 1257 795 1296 duo
826 1257 990 1297 nomina
1017 1257 1068 1296 ad
1098 1269 1217 1296 unam
1247 1258 1497 1310 eandemque
1526 1270 1668 1310 perso·
1694 1262 1697 1269 ⁴

223 1340 314 1371 nam
346 1328 565 1378 respicere.
622 1327 741 1365 Hanc
760 1326 928 1366 Pol-soni
958 1327 1230 1365 coniecturam
1261 1331 1372 1366 extra
1402 1340 1562 1366 omnem
1594 1327 1668 1366 du-

222 1395 427 1435 bitationis
457 1396 583 1434 aleam
614 1395 727 1447 ponit
756 1394 937 1434 scholion
967 1394 1165 1445 quantivis
1195 1395 1336 1445 pretii,
1373 1395 1481 1446 quod
1513 1408 1561 1434 ex
1591 1394 1667 1434 MS

224 1463 406 1502 Platonis
448 1464 697 1515 dialogorum
734 1463 942 1502 nobiscum
982 1463 1232 1514 perbenigne
1269 1464 1578 1503 communicavit
1607 1463 1668 1501 vir

223 1532 559 1571 eruditissimus.''
626 1531 769 1582 Neque
810 1531 888 1570 alia
923 1531 1104 1570 Clintoni
1133 1532 1332 1570 sententia
1362 1537 1424 1571 est
1456 1532 1589 1571 Praef.
1618 1531 1669 1570 ad
1701 1559 1702 1566 ,

222 1601 333 1640 Fast.
365 1600 476 1639 Heli.
506 1613 545 1651 p.
574 1600 685 1639 XLV
724 1600 790 1641 ed.
819 1598 945 1650 Kriig.
984 1599 1054 1651 qui
1095 1600 1216 1639 allato
1255 1601 1495 1639 scholiastae
1533 1601 1669 1639 Plato-

224 1669 304 1708 nici
344 1669 434 1709 loco
485 1668 869 1719 ‚,1taque,'‘inquit‚
910 1672 1085 1722 utroque
1127 1669 1290 1709 nomine
1331 1664 1669 1719 unus'idemque

224 1738 347 1777 homo
392 1737 682 1789 significatur.”
748 1738 837 1788 Ego
883 1749 1003 1787 quem
1047 1750 1210 1776 sensum
1255 1737 1496 1776 scholiastae
1537 1738 1670 1777 verbis

224 1807 393 1848 subesse
431 1806 679 1852 existimem,
719 1805 892 1844 indicavi
933 1805 1040 1844 nist.
1080 1806 1169 1847 crit.
1207 1818 1247 1856 p.
1279 1805 1374 1844 346.
1449 1805 1592 1855 Neque
1628 1805 1670 1845 in

225 1874 375 1914 Suidae
404 1874 538 1913 verbis
568 1873 784 1924 quidquam
815 1873 955 1921 video,
994 1874 1102 1924 quod
1139 1874 1249 1914 illam
1292 1875 1522 1925 opinionem
1560 1873 1691 1913 com-³

225 1942 419 1981 mendax-e
450 1943 589 1993 possit.
630 1942 748 1993 Quod
779 1942 886 1981 enim
916 1941 967 1981 de
995 1941 1146 1981 fabulis
1177 1943 1415 1993 quibusdam
1446 1941 1684 1995 dubitatum‘

225 2015 288 2050 est
316 2016 409 2049 uter
438 2023 576 2050 earum
611 2015 752 2050 auctor
770 2011 982 2050 habendus
1012 2015 1132 2059 esset,
1161 2011 1203 2050 id
1233 2012 1352 2051 etiam
1381 2011 1422 2050 in
1453 2011 1540 2049 aliis
1571 2023 1669 2062 poe-

227 2082 277 2120 tis
306 2080 506 2121 accidisse
535 2083 712 2130 constat,
743 2080 877 2135 quode
914 2079 1064 2132 passim
1102 2079 1292 2122 admonui
1319 2080 1361 2120 in
1391 2079 1572 2121 Historia
1601 2091 1669 2121 co·

226 2162 436 2193 micorum.

774 2319 1128 2365 ABPA.

389 2520 534 2570 mm}
565 2518 588 2560 ὁ
618 2519 896 2582 Πρῶΐθςᾴαἷν
923 2516 1121 2574 μεγάλων
1151 2516 1371 2571 ἡγήσεται,

387 2600 492 2655 ἔχων
519 2604 671 2656 ἐχῖνον,
699 2599 982 2658 ὠμοτάριχον,
1009 2598 1243 2654 κάππαρινρ

383 2683 689 2738 θρυμματίδα,
720 2685 914 2739 τέμαχος,
941 2682 1105 2737 βολβὸν
1133 2682 1178 2726 ἐν
1208 2680 1515 2741 ὑποτρίμματι.
