1702 3158
271 159 356 199 082>
806 157 939 198 ANTI
946 158 1179 199 PHA'NES.

960 268 1028 309 IV.

272 352 379 404 Quid
409 361 558 402 quaeso
589 362 755 390 caussae
785 355 861 399 est,
892 363 964 390 cur
995 351 1083 402 quis
1114 355 1228 403 optet
1259 365 1281 391 a
1314 352 1401 392 deis

273 420 448 473 pecunia
477 420 626 458 florere
656 425 696 458 et
727 433 862 460 rerum
894 421 1024 472 copia,

273 491 350 529 nisi
379 494 423 529 ut
454 490 653 541 possimus
683 491 821 530 amicis
852 491 1090 542 opitularier

277 566 318 599 et.
347 572 489 599 serere
517 557 678 609 frugem
708 559 885 608 Gratiae,
916 561 1049 599 suavis
1080 560 1211 599 deae?

273 641 446 680 uiamque
477 641 524 667 ea
555 628 738 679 voluptas
767 631 937 689 qnae-in
968 635 1066 681 potu
1097 633 1217 680 atque
1248 641 1319 669 esu
1352 634 1414 669 est
1442 631 1534 679 sita,

274 710 345 750 par
374 697 504 737 ferme
535 702 597 736 est
628 699 805 739 cunctis:
836 711 969 750 neque
1001 700 1129 751 magis
1158 698 1294 739 lautae
1324 699 1449 751 dapes

275 767 457 808 esuriem
489 766 649 806 sedent.

974 823 1024 864 X.

736 909 783 948 A.
816 908 888 946 Dic
919 918 1069 957 quaeso
1101 907 1196 957 quid
1229 912 1304 946 est.

273 979 412 1018 vivere
442 977 549 1029 quod
580 976 721 1016 aiunt?
779 978 825 1016 Β.
857 977 1029 1015 Bibere:
1059 975 1117 1015 sic
1147 989 1222 1027 ego
1254 989 1414 1017 censeo.

274 1048 387 1087 vides
417 1047 568 1086 fluenta
591 1052 759 1096 propter
788 1045 958 1084 hiberna
988 1045 1168 1092 arbores,

275 1129 378 1168 quae
407 1122 529 1155 noctu
558 1115 802 1153 humescunt
829 1115 983 1166 pariter
1011 1117 1132 1164 atque
1164 1113 1356 1162 interdiu,

279 1198 358 1238 qua
389 1186 494 1224 mole
523 1189 756 1223 excrescant
785 1189 906 1235 atque
936 1182 1233 1235 pulcritudine;

275 1259 316 1296 at
346 1267 449 1306 quae
479 1255 728 1301 obnituntur,
758 1254 914 1305 squalle
945 1257 1066 1304 atque
1099 1252 1314 1301 arundine,

277 1325 392 1376 quasi
424 1324 624 1372 sitientes,
653 1323 862 1363 intereunt
890 1323 1101 1363 radicitus.

955 1406 1050 1446 XII.

780 1483 865 1530 Res
895 1490 1031 1529 celare
1065 1492 1248 1528 caeteras

275 1564 483 1610 utcunque
512 1559 657 1610 possis,
691 1559 847 1608 Phidia,
879 1559 982 1599 haec
1011 1563 1175 1611 praeter
1205 1558 1299 1606 duo,

276 1629 311 1668 si
340 1629 508 1668 nimium
539 1629 687 1667 biberis
718 1633 759 1667 et
789 1630 823 1667 ci
851 1631 891 1669 in
921 1642 1102 1669 amorem
1134 1627 1383 1668 incubueris:

278 1703 498 1748 utrumque
528 1697 579 1736 de
609 1711 654 1737 se
684 1699 944 1742 manifestum
973 1700 1165 1739 indicium
1196 1697 1294 1738 facit

278 1768 461 1808 oratione
490 1779 537 1807 ac
566 1768 694 1816 vultu,
725 1768 782 1807 sic
812 1774 856 1809 ut
886 1770 953 1820 qui
984 1775 1106 1820 neget

278 1842 415 1877 tamen
444 1837 532 1888 ipse
562 1849 636 1876 suo
667 1849 712 1876 se
743 1839 886 1889 prodat
918 1838 1163 1877 testimonio.

951 1921 1063 1959 XIII.

280 1989 528 2030 Trudendus
557 1990 724 2030 haustus
754 1990 964 2029 haustibus
997 1989 1091 2037 vini,
1123 1989 1238 2027 labor
1267 1988 1420 2038 labore,

280 2064 421 2099 cantus
451 2061 572 2099 tubae
602 2065 721 2099 cantu
751 2060 887 2108 tubae,
923 2071 1124 2111 praecone
1156 2058 1396 2106 clamitatur,

280 2130 475 2180 strepitus
499 2130 685 2181 strepitu,
716 2134 894 2169 scortum
925 2130 1053 2167 altero
1085 2127 1266 2167 scortillo
1299 2128 1522 2175 triobolari‚

281 2199 536 2239 Callistratus
566 2213 710 2250 coquo,
742 2212 934 2251 arrogans
965 2198 1119 2238 factum
1149 2197 1258 2236 facto
1289 2201 1521 2251 arrogante,

280 2281 391 2308 arma
422 2269 557 2318 armis,
588 2270 732 2321 sugilla
762 2270 897 2322 pugil;
927 2270 984 2308 sic
1009 2267 1131 2308 factio
1162 2267 1354 2318 factione,

281 2338 488 2390 negotium
519 2340 698 2391 negotio,
729 2340 778 2379 lis
807 2339 893 2390 lite,
923 2344 1048 2390 nupta
1077 2342 1215 2391 nupta.

950 2422 1061 2463 XIV.

743 2492 888 2543 Epulis
917 2504 1041 2542 saepe
1071 2489 1234 2531 mutatis
1262 2488 1344 2529 frui

281 2569 406 2598 suave
436 2564 511 2608 est,
542 2564 583 2599 et
612 2561 692 2601 illis
723 2562 903 2613 partibus
933 2560 1128 2612 vulgariis

282 2628 461 2679 plenum,
491 2631 584 2669 novi
613 2631 763 2682 aliquid
791 2631 972 2683 quamvis
1004 2628 1286 2682 perfunctorie

232 2731 234 2734 .
282 2701 462 2749 gustare,
492 2698 636 2751 duplas
665 2701 707 2740 id
738 2702 966 2754 voluptates
996 2701 1115 2753 parit.
1187 2712 1189 2714 ·
