1702 3158
280 195 365 236 650
820 190 1188 235 ANTu’nANES.

282 318 402 360 quam
431 305 637 346 nationem
662 304 842 358 pessime
870 304 921 344 Di
952 304 1155 357 perduint,

281 377 339 416 ibi
369 379 515 428 putent
545 375 696 423 miseri,
722 387 800 427 per
829 374 947 423 duos,
975 386 1050 426 per
1078 380 1162 414 tres
1191 374 1299 424 dies3

282 448 325 485 et
354 444 388 484 si
416 443 502 484 for·
531 444 695 484 tandem
724 456 891 484 caecum
919 447 1117 485 emtorem
1146 443 1388 494 invenerint,

283 515 323 554 ei
349 514 520 554 tollendi
551 516 734 554 mortuos
762 514 810 553 fit
839 512 977 566 copia:

282 588 324 623 at
353 583 422 635 qui
451 582 544 622 foro
574 582 651 623 hos
682 583 897 632 extulerat,
926 594 1018 622 mox
1048 581 1230 622 eliminat
1255 581 1259 584 ’

282 652 418 702 domo,
446 651 567 692 simul
596 639 709 693 atros
737 649 912 706 perculit
939 663 1058 692 nares
1088 651 1204 694 odor.

742 815 1276 860 ΜΥΣΤΙΣ.

280 901 543 955 Frugalitatis
571 900 749 941 studium
778 901 850 940 Dis
878 902 976 955 ipsis
1006 903 1161 954 placet:

280 975 520 1024 argumento
551 970 631 1025 hoc
659 974 720 1009 est
749 971 858 1022 quod
887 977 979 1024 post
1009 977 1204 1012 centenos
1233 972 1358 1013 boves

281 1041 333 1080 ad
362 1052 477 1080 sacra
506 1044 571 1078 tus
601 1039 814 1078 adhibetur
842 1045 1052 1091 postremo
1081 1042 1188 1088 loco,

281 1121 362 1161 quo
392 1108 657 1161 significatur,
687 1107 757 1146 ina
786 1120 890 1159 quae
919 1112 1222 1153 antecesserant

280 1179 424 1218 inanes
455 1190 546 1218 esse
575 1181 758 1229 sumptus
787 1177 997 1218 hominum
1027 1179 1169 1231 gratia,

281 1248 471 1301 exiguum
498 1252 539 1287 at
568 1246 669 1287 illud
699 1259 791 1287 esse
815 1248 923 1299 quod
954 1248 1134 1288 oblectet
1162 1248 1286 1288 Deos.

705 1420 1308 1464 ΝΕΑΝΙΣΚΟΣ.

989 1524 1022 1563 1.
1059 1539 1060 1542 ¹

280 1607 371 1659 Ego
401 1609 495 1645 ante
524 1605 603 1645 hac
632 1604 665 1645 si
694 1605 783 1657 quis
813 1606 1041 1646 nominaret
1071 1606 1297 1658 Gorgonas,

282 1677 523 1728 figmentum
554 1687 644 1715 esse
674 1675 922 1715 arbitrabar:
952 1680 993 1715 at
1022 1681 1234 1729 postquam
1263 1676 1304 1715 in
1333 1674 1467 1715 forum

281 1745 439 1794 adveni,
469 1750 649 1784 actutum
682 1744 861 1784 credidi:
890 1745 1085 1797 piscarios
1449 1741 1451 1757 ³

281 1827 373 1855 uam
405 1815 525 1855 simul
554 1814 727 1866 inspexi,
757 1814 890 1854 factus
919 1827 1006 1855 sum
1034 1817 1124 1873 ipse
1153 1826 1318 1855 saxeus:

279 1885 465 1937 adeoque
495 1896 572 1936 ego
601 1884 708 1932 illos,
737 1884 779 1923 ni
808 1885 920 1936 prius
950 1886 1106 1925 vultum
1137 1888 1338 1933 avertero,

280 1953 395 1993 affari
425 1965 612 2005 nequeo:
641 1952 797 1992 namsi
826 1952 1304 2005 inspiciam'quantulum

280 2023 419 2074 quanti
447 2023 628 2062 indicent
657 2021 909 2073 pisciculum,
941 2022 1186 2074 lapidescam
1214 2020 1337 2060 illico.

988 2117 1042 2158 11.

277 2203 450 2244 Divitiae
479 2201 618 2242 multis
646 2205 741 2241 sunt
768 2201 1091 2255 integumentum
1124 2201 1254 2249 malis,

279 2285 304 2313 ο
334 2277 478 2322 mater,
509 2277 551 2312 at
581 2272 799 2323 conspicua
829 2275 871 2311 et
899 2270 1158 2323 despicabilis

276 2356 345 2384 res
375 2347 438 2385 ent
468 2345 701 2396 paupertas.

779 2508 817 2548 N
846 2508 888 2548 E
918 2507 951 2548 O
987 2507 1028 2547 T
1058 2508 1098 2547 Τ
1123 2507 1151 2546 Ι
1175 2506 1226 2548 Σ.

277 2597 326 2636 A.
357 2597 447 2647 Quo
478 2599 597 2647 pacto
628 2606 718 2634 cum
749 2605 890 2633 sorore
920 2592 1099 2633 Athenas
1130 2591 1281 2632 Atticas

278 2665 454 2704 venisti?
512 2665 558 2704 B.
588 2664 711 2703 Duxit
740 2675 813 2703 nos
841 2663 921 2702 huc
949 2666 1172 2701 mercator:
1202 2660 1329 2712 Syrus

278 2738 365 2773 erat
393 2733 464 2773 ille
495 2738 633 2786 geute,
663 2733 768 2771 vitae
798 2744 952 2784 genere
981 2730 1108 2779 cocio,
