1702 3158
296 184 379 229 058
708 148 712 151 ¹
831 181 1202 227 amrmemus,

796 300 1247 350 ΠΟΙΗΣΙΣ.

747 386 911 428 Scilicet
941 389 1150 442 tragoedia

298 457 398 498 felix
426 457 571 510 poema
603 460 679 497 est.
738 470 830 498 nam
861 459 1059 512 principio
1091 460 1297 512 cognitum

302 530 584 580 argumentum
615 538 736 567 omne
766 529 987 579 spectatori
1018 533 1093 579 est,
1123 533 1338 582 antequam

298 598 469 638 verbum
497 596 630 636 hiscat
659 596 818 649 aliquis.
876 611 1025 639 nomen
1056 602 1210 639 tantum
1239 600 1376 640 dicere

299 670 449 720 poetae
480 667 578 706 satis
608 669 682 707 est.
741 666 943 719 Oedipum
973 669 1292 721 praescripsero,

299 737 380 777 iam
410 737 568 787 reliqua
598 748 671 787 per
700 748 746 775 se
775 741 945 786 norunt;
975 741 1092 790 pater
1122 742 1183 778 est
1211 739 1347 788 Laius,

301 807 459 847 Iocasta
487 809 632 854 mater,
662 809 747 845 tum
777 807 846 858 qui
874 807 958 847 nati
989 812 1030 847 et
1059 807 1183 855 filiae,

298 876 397 929 quid
425 875 539 923 fecit,
570 874 666 926 quid
696 875 885 928 patietur.
943 877 978 916 si
1007 877 1242 929 promiserit

299 947 548 987 Alcmaeona
574 944 695 993 alius,
723 945 801 997 ipsi
831 945 967 986 dicent
995 946 1180 998 pueruli:

297 1015 364 1056 hic
391 1015 461 1054 ille
490 1017 551 1053 est
582 1014 651 1064 qui
678 1014 890 1055 interfecit
919 1019 1089 1056 matrem
1118 1015 1348 1056 insaniens:

298 1081 628 1136 indignabundus
657 1083 792 1123 veniet
822 1085 1020 1125 Adrastus
1049 1084 1199 1124 statim.

296 1157 386 1194 tum
415 1165 512 1192 vero
541 1152 611 1191 ubi
641 1153 742 1192 nihil
773 1154 880 1194 ultra
909 1155 1019 1206 quod
1051 1154 1185 1194 dicant
1215 1153 1381 1202 habent,

299 1227 342 1264 et
368 1222 446 1262 iam
475 1222 771 1273 propemodum
803 1223 1014 1276 deplorata
1044 1228 1113 1263 est
1135 1223 1288 1271 fabula,

297 1297 380 1333 tam
410 1291 544 1340 facile,
575 1303 694 1342 quam
725 1292 953 1344 digitulum,
983 1293 1133 1332 tollunt
1162 1291 1412 1332 machinam:

299 1366 421 1413 atque
449 1361 491 1399 id
522 1361 619 1400 satis
649 1373 740 1400 esse
770 1361 902 1400 credit
931 1366 1187 1414 spectantum
1217 1361 1344 1402 favor.

297 1435 339 1472 at
368 1431 484 1471 nobis
513 1431 591 1471 ista
621 1441 702 1470 non
732 1429 870 1479 licent,
900 1433 972 1472 sed
1002 1433 1136 1472 omnia

297 1506 392 1543 sunt
419 1499 675 1548 invenienda,
705 1500 868 1540 nomina
895 1501 1094 1553 imprimis
1124 1514 1240 1551 nova,

297 1584 364 1611 res
395 1572 644 1623 antegestae‚
672 1581 740 1609 res
769 1575 1022 1622 praesentes,
1051 1571 1196 1620 exitus,

298 1641 424 1681 initia.
482 1653 531 1680 ex
559 1639 640 1678 illis
671 1639 705 1678 si
734 1651 813 1692 qua
841 1653 935 1692 pars
965 1640 1180 1691 defecerit,

300 1710 533 1751 exsibilatur
564 1707 712 1757 Phido,
741 1710 827 1750 sive
854 1709 926 1749 ille
955 1714 1018 1750 est
1048 1710 1259 1752 Chremes.

299 1780 370 1820 illa
399 1779 478 1821 alia
506 1778 644 1819 facere
679 1779 804 1820 Peleo
835 1783 877 1820 et
906 1779 1069 1822 Teucro
1099 1781 1209 1820 licet.

762 1941 1291 1989 HPOPONOI.

826 2029 914 2072 Scis
944 2040 1081 2071 mores
1109 2042 1248 2071 meos:

298 2099 450 2139 fastum
479 2111 641 2139 omnem
669 2111 693 2139 a
722 2112 787 2140 me
815 2111 1021 2149 removeo,
1052 2100 1205 2141 amicus
1234 2100 1351 2143 unice

300 2168 460 2209 amicis:
493 2167 595 2208 ferri
623 2181 766 2218 massa,
794 2170 830 2210 si
859 2170 950 2222 quis
977 2170 1184 2223 tetigerit:

300 2238 556 2291 praestringo
585 2243 630 2278 ut
659 2238 797 2292 fulgor
826 2241 972 2289 alium⁴5
1002 2245 1048 2283 ut
1075 2240 1232 2281 fulmen
1266 2241 1462 2291 verbero;

302 2308 337 2348 si
365 2320 486 2360 quem
515 2307 620 2358 fero,
650 2314 817 2360 ventus3
848 2310 1018 2362 laqueus
1048 2310 1082 2350 si
1111 2311 1318 2363 obstringo
1347 2312 1504 2364 gulam;

301 2377 460 2417 locusta
489 2377 521 2416 si
552 2390 673 2429 quem
701 2379 874 2427 insult03
905 2380 938 2419 si
967 2378 1111 2432 frango
1141 2380 1267 2427 soree,

301 2458 390 2486 sum
420 2450 555 2486 terrae
583 2453 741 2489 motus:
770 2461 923 2497 musca,
952 2449 985 2488 si
1015 2449 1067 2488 ad
1094 2461 1261 2489 coenam
1293 2451 1355 2488 est
1383 2454 1486 2500 opus

300 2517 362 2556 ire
390 2517 640 2557 invocatum:
669 2522 818 2570 puteus
845 2519 887 2558 in
916 2530 998 2558 nou
1028 2518 1161 2559 exitu:

300 2584 352 2625 ad
380 2586 660 2637 prendendum
691 2587 878 2638 aliquem,
907 2587 961 2627 ad
988 2586 1089 2626 falsa
1117 2586 1361 2635 testimonia,

302 2654 354 2694 ad
383 2655 664 2704 occidendum,
694 2657 727 2695 si
758 2668 859 2708 opus
889 2661 964 2705 eat,
994 2668 1100 2697 unus
1128 2668 1216 2697 sum
1247 2656 1393 2696 omnia.

300 2724 487 2765 iuventus
516 2736 664 2765 nomen
695 2725 746 2765 ob
776 2725 878 2765 haec
909 2725 977 2766 Nil
1006 2725 1224 2766 dubitantis
1253 2725 1352 2766 mihi
