1702 3158
378 279 406 333 ἢ
437 283 567 337 τρεῖς·
598 276 721 334 μόλις
753 276 795 318 δ’
830 275 905 320 ε’άν
935 277 1041 320 ποτ’
1075 277 1245 330 ὠνητὴν
1276 281 1440 336 τυφλὸν

372 362 580 418 λα’βωσιν,
611 361 775 403 ἔδωκαν
805 361 863 401 ru?
870 375 890 402 ν
922 363 1077 417 νεκρῶν
1107 360 1334 418 ἀναίρεσιν

373 444 532 503 τούτῳ·
564 443 746 500 κομίσας
777 445 824 486 δ’
856 446 1057 498 ἐξέβαλεν
1115 449 1130 469 *
1191 449 1206 469 *
1267 446 1426 499 οἴκαδε,

292 534 346 572 10
375 530 455 580 τὴν
484 530 635 583 πεῖραν
665 527 710 568 ἐν
744 527 792 586 τῇ
820 530 907 586 ῥινὶ
937 528 1014 578 τῆς
1043 525 1181 582 ὀσμῆς
1209 527 1373 583 λαβών.

320 643 556 683 Athenaeus
577 642 642 682 'Vl
682 654 722 692 p.
753 641 906 680 225d:
955 633 1023 679 ὅτι
1063 638 1109 679 δὲ
1146 639 1220 679 καὶ
1259 638 1428 693 νεκροὺς
1466 639 1657 681 πωλοῦσι

207 708 307 758 τοὺς
336 706 466 763 ἰχθῦς
493 709 568 750 καὶ
599 705 870 757 σεσηπότας,
901 705 1231 761 ἐπισημαίνεται
1263 706 1285 749 ὁ
1314 705 1585 765 Ἀντιφάνης
1614 711 1658 750 ἐν

207 778 395 832 Μοιχοῖς
432 775 505 818 διὰ
543 773 709 817 τούτων
739 774 825 816 Οὐκ
866 774 985 817 ἔστιν
1022 777 1112 819 κτλ.
1189 781 1256 821 νε.
1287 781 1312 819 2
1357 777 1418 831 μή
1457 778 1539 835 γὰρ
1582 796 1655 834 pro

207 845 290 902 γὰρ
318 845 377 901 μὴ
411 848 647 888 Erfurdtius
679 848 848 887 Observ.
880 860 919 898 p.
950 846 1044 887 455.
1103 844 1152 886 τὸ
1182 862 1255 900 pro
1286 846 1344 902 τῷ
1370 850 1416 898 Ρ,
1457 858 1501 890 ut
1530 852 1659 891 voluit

208 918 386 965 Comes,
416 916 486 968 qui
515 913 564 955 τὸ
594 912 654 968 μὴ
683 910 876 968 ἀποχρῆν
908 920 949 954 et
977 914 1172 969 ταφῆναι
1199 918 1418 957 infinitivus
1449 919 1659 973 indignan-

207 985 260 1025 tis
301 996 394 1025 esse
433 986 663 1025 arbitratur.
732 985 816 1024 Sed
854 997 900 1024 ea
930 998 1070 1036 parum
1102 991 1194 1038 apta
1223 987 1300 1026 hoc
1336 987 1425 1027 loco
1456 993 1657 1030 structura

208 1058 285 1095 est.
345 1055 388 1093 In
420 1051 478 1107 τῷ
507 1066 598 1094 cum
627 1054 740 1092 librfs
772 1055 972 1094 consentit
1002 1057 1239 1094 Eustathius
1269 1057 1319 1095 ad
1337 1058 1450 1098 Iliad.
1475 1072 1514 1110 p.
1533 1060 1657 1109 1179,

208 1123 262 1162 36
291 1124 493 1162 indicatus
523 1135 546 1161 a
577 1123 802 1162 Dindorfio.
836 1123 928 1162 Nec
958 1124 1119 1163 videtur
1146 1125 1187 1163 id
1218 1126 1514 1167 sollicitandum
1545 1141 1656 1169 esse:

209 1190 268 1248 τῷ
296 1188 356 1243 μὴ
387 1187 582 1243 ἀποχρῆν
610 1191 637 1230 ἰ.
670 1204 707 1241 q.
739 1187 811 1228 διὰ
841 1186 890 1229 τὸ
919 1188 979 1243 μὴ
1011 1186 1219 1245 ἀποχρῆν.
1262 1220 1315 1226 —
1356 1196 1426 1237 Vs.
1458 1197 1484 1235 4
1514 1195 1656 1249 ταφῆ-

206 1271 292 1299 ναι.
362 1261 515 1300 Notum
547 1264 610 1298 est
641 1259 819 1311 Gorgiae
852 1261 1005 1301 dictum
1036 1263 1224 1319 vultures·
1246 1258 1464 1317 ἐμψύχους
1492 1260 1657 1318 τάφους

209 1343 300 1370 esse
341 1329 512 1368 dicentis
549 1329 656 1380 apud
694 1329 864 1380 Longin.
905 1331 956 1369 de
984 1331 1108 1387 Subi.
1141 1333 1197 1370 111
1239 1335 1278 1372 2.
1349 1333 1420 1373 Cfr
1463 1336 1655 1375 Boeckhii

206 1399 419 1443 Animadv.
452 1398 501 1437 ad
531 1398 747 1449 Sophoclis
778 1400 873 1439 Ant.
907 1401 1027 1440 1068.
1069 1426 1123 1432 —
1165 1402 1236 1442 Vs.
1267 1403 1293 1441 7
1324 1397 1373 1439 δ’
1402 1399 1477 1441 ἐὰν
1507 1404 1654 1444 Porsu-

206 1480 284 1508 nus
313 1468 482 1507 Advers.
514 1481 554 1520 p.
584 1467 652 1508 50.
711 1462 760 1504 δ’
794 1461 849 1506 ἂν
878 1470 995 1511 ΔΒΡ.
1054 1467 1100 1507 δέ
1128 1465 1177 1520 γ’
1207 1464 1262 1508 ἂν
1287 1472 1371 1512 VL.
1430 1497 1482 1503 ——
1524 1474 1595 1513 Vs.
1625 1475 1653 1513 8

207 1537 444 1576 Dindorfius
474 1531 660 1587 λάβωσ’.
705 1562 758 1568 —-
803 1538 873 1578 Vs.
903 1540 927 1576 9
957 1533 1140 1590 κομίσας
1169 1534 1217 1577 δ’
1249 1542 1296 1580 Λ.
1341 1535 1524 1592 κομίσας
1554 1536 1578 1579 ὁ
1609 1538 1654 1580 δὲ

205 1605 293 1646 VL.
355 1606 486 1644 Recte
517 1605 778 1644 casaubonus
810 1612 900 1657 post
929 1605 1128 1658 ἐξέβαλεν
1167 1610 1370 1648 addidisse
1400 1611 1559 1648 videtur
1586 1605 1653 1648 εὐ-

205 1670 310 1719 θύς.
383 1677 633 1726 Quamquam
673 1675 803 1724 possis
845 1677 963 1715 etiam
1004 1666 1153 1723 αὖθις.
1223 1680 1360 1718 Minus
1409 1679 1511 1718 bene
1556 1680 1654 1719 scri.-

204 1744 286 1796 psit
329 1742 742 1794 Schweighaeuserus
782 1737 805 1781 ὁ
851 1738 898 1781 δ’
931 1742 1168 1796 ἐξέβαλλεν.
1237 1747 1480 1799 Imperfecto
1519 1749 1653 1789 nullus

203 1812 273 1852 hic
301 1813 428 1851 locus.
491 1807 647 1848 Οἴκαδε
676 1823 767 1848 cum
804 1808 986 1864 κομίσας
1027 1816 1366 1868 coniungendam.
1406 1842 1457 1849 —-
1497 1817 1565 1859 νε.
1600 1819 1652 1856 10

204 1882 347 1934 scripsi
378 1876 518 1932 ὀσμῆς
546 1892 620 1932 pro
653 1879 761 1920 edito
791 1875 942 1933 ὀδμῆς.

703 2055 1165 2099 ΜΥΛΩΝ.

314 2155 458 2194 Pollux
487 2155 565 2196 V11
595 2157 670 2196 211
695 2170 704 2196 :
741 2152 1014 2211 Ἀντιφάνης
1057 2155 1102 2197 δὲ
1139 2155 1185 2199 ἐν
1215 2154 1271 2212 τῷ
1302 2153 1646 2213 Μὺλωνιςείῥηκε

204 2220 449 2277 βιβλιδίο
463 2235 489 2266 v
517 2237 541 2267 κ
554 2215 576 2263 ὅ
591 2222 647 2266 λλ
662 2239 782 2277 ημα.
813 2228 872 2266 De
892 2228 1007 2268 titulo
1024 2224 1187 2269 fabulae
1206 2227 1268 2267 cfr
1283 2229 1388 2269 Hist.
1406 2230 1540 2282 orinp.
1553 2232 1646 2275 325.

658 2434 713 2477 M
775 2435 806 2475 Y
863 2435 905 2476 Σ
963 2435 1003 2477 Τ
1055 2434 1084 2478 Ι
1133 2436 1184 2480 Σ.

323 2570 339 2577 ,
916 2537 944 2574 l.

361 2610 427 2653 Σὺ
457 2610 482 2650 δ
501 2611 510 2623 ’
539 2610 658 2654 ἀλλὰ
681 2616 797 2657 πῖθι.
843 2616 897 2657 B.
930 2615 1056 2657 τοῦτο
1087 2617 1165 2670 μέν
1196 2631 1265 2657 σοι
1295 2615 1527 2671 πείσομαι·

292 2728 301 2730 -
354 2693 427 2737 καὶ
457 2693 538 2750 γάρ
570 2690 872 2750 ἐπαγωγόν,«ὦ
907 2697 1022 2751 θεοί,
1055 2699 1102 2739 τὸ
1136 2696 1279 2753 σχῆμά
1309 2714 1397 2749 πως
