1702 3158
209 176 294 219 272
524 173 733 216 EUBULI
765 171 1026 214 FABULAE
1058 171 1355 215 INGERTAE.

325 278 568 325 Τοκάδαε
602 279 705 334 [τὴν
732 278 974 334 γεννῶσαν]
1005 277 1240 338 Εὔβουλος.

325 350 395 393 Τὸ
423 347 716 406 κηρύκειον
744 345 773 400 ἢ
798 348 896 399 τήν
924 346 1233 405 μάχαιρανε
1265 346 1495 404 λεγόμενόν
1523 364 1578 393 τι.

213 424 376 466 Monuit
406 423 526 462 etiam
558 422 766 460 Dobraeus
797 421 899 461 Adv.
928 421 945 460 1
974 435 1013 474 p.
1029 423 1133 463 310.
1193 424 1237 463 In
1260 423 1405 463 harum
1433 423 1658 474 glossarum

212 494 342 547 prima
371 490 556 543 supplevi
585 486 664 537 τὴν
693 487 912 540 γεννῶσαν
938 503 986 531 ex
1015 492 1162 541 Suida,
1206 486 1365 538 Τοκάς;
1397 486 1422 540 ἡ
1453 487 1658 542 γεννῶσα.

210 561 478 603 Proverbium
518 554 569 596 τὸ
598 553 819 611 κηρύκειον
847 553 875 607 ἢ
905 555 984 608 τὴν
1011 555 1233 614 μάχαιραν
1266 562 1309 602 h.
1340 574 1376 601 e.
1407 570 1555 614 pacem
1584 565 1658 600 aut

212 629 381 678 bellum,
416 628 538 679 vulgo
568 627 623 667 ita
653 627 823 668 effertur
853 623 959 681 δόρυ
987 623 1015 677 ἢ
1043 624 1287 682 κηρύκειον,
1330 631 1464 684 quode
1502 630 1659 671 dicetur

211 700 263 740 od
292 698 397 740 Aelii
428 697 612 749 Dionysii
641 696 798 738 lexicon
828 698 1092 740 rhetoricum.

857 806 1027 850 XXVII.

323 891 503 943 Etymol.
533 891 596 930 M.
627 903 666 942 p.
698 889 780 929 235
810 889 888 929 46:
934 889 1382 945 γλωττοκομεῖον.
1420 888 1586 942 εἴρηται
1615 888 1660 929 δὲ

211 958 285 1001 καὶ
313 956 363 998 τὸ
392 961 634 1011 γυναικεῖον
663 951 835 996 αἰδοῖον
872 954 956 998 ὑπὸ
984 955 1213 1012 Εὐβούλου
1251 956 1525 1014 φοινικιστὴν
1553 954 1660 998 σκῶ-

212 1041 408 1075 πτοντος.
480 1029 524 1067 In
563 1027 625 1066 his
661 1024 931 1080 ᾳοινικιστὴς
959 1023 1039 1069 non
1070 1036 1335 1083 purpuratum
1375 1032 1572 1070 denotare
1600 1029 1660 1068 vi-

213 1100 357 1147 detur,
387 1097 459 1137 sed
488 1096 693 1136 hominem
724 1096 847 1136 foede
877 1098 1140 1149 impudicum.
1184 1101 1433 1152 Hesychius,
1461 1092 1657 1147 Σκύλαξε

214 1165 361 1220 σχῆμα
391 1160 727 1219 ἀφροδισιακόν,
753 1161 810 1213 ῶς
839 1162 889 1205 τὸ
918 1164 1004 1205 τῶν
1032 1164 1476 1219 φοινικιζόντων.

855 1277 1047 1320 XXVIII.

326 1360 473 1400 Pollux
504 1360 541 1399 II
572 1361 652 1400 ⁰6:
687 1355 710 1398 ὁ
742 1357 786 1399 δὲ
816 1357 876 1412 μὴ
907 1356 1015 1412 ἔχων
1043 1355 1226 1409 ὀδόντας
1263 1357 1455 1411 νωδός,
1489 1336 1547 1407 ῶς
1576 1355 1662 1400 Εὕ-

215 1426 371 1482 βουλος
399 1425 509 1480 λέγει
537 1428 611 1467 καὶ
645 1424 859 1482 Φρύνιχος
886 1425 910 1469 ὁ
938 1425 1134 1482 κωμικός.

865 1540 1016 1580 XXIX.

326 1622 474 1663 Pollux
504 1621 564 1661 Ill
594 1623 670 1663 21:
713 1617 936 1674 Εὔβουλος
964 1617 988 1661 ὁ
1016 1618 1200 1674 κωμικὸς
1226 1619 1275 1661 τὸ
1304 1619 1543 1676 λαθρίδιον
1570 1622 1663 1675 γέν-

216 1703 335 1745 νημα
364 1686 691 1741 καταγελάστως
720 1690 1019 1745 παρθένου
1048 1687 1336 1746 ἀνάσυρμα
1365 1682 1469 1734 εἷπε.
1512 1695 1663 1736 Notum
1688 1743 1694 1746 =

219 1767 283 1803 est
314 1761 414 1813 quid
443 1755 751 1815 ἀνασύρεσθαι
789 1762 840 1802 sit
880 1774 1002 1801 sensu
1033 1762 1247 1802 obscaeno.
1302 1763 1350 1803 V.
1382 1763 1663 1807 casaubonum

216 1831 267 1872 nd
296 1831 414 1883 Diog.
445 1831 581 1870 Laert.
613 1830 668 1871 VI
699 1831 753 1870 97
790 1834 831 1869 et
861 1830 1173 1883 Wesselingium
1203 1831 1252 1870 ad
1283 1831 1504 1872 Diodorum
1533 1833 1614 1873 Sic.
1644 1833 1663 1874 1

215 1913 257 1953 ι).
286 1901 353 1939 96.
416 1899 538 1951 Apud
577 1899 892 1939 Grammaticum
932 1900 1058 1940 Bekk.
1097 1900 1252 1942 Aneod.
1279 1913 1320 1954 p.
1350 1901 1432 1941 399
1461 1903 1502 1942 8.
1535 1896 1664 1941 Ἀνε-

216 1963 404 2022 ρύσατοε
432 1962 691 2020 ἐγύμνωσεν,
721 1969 816 2022 lege
844 1963 1095 2021 ἀνεσύρατο,

871 2079 1001 2120 XXX.

326 2164 473 2205 Pollux
500 2162 579 2204 V11
608 2162 697 2202 362⁷
717 2157 1002 2212 ἱστόπους,
1030 2158 1087 2210 ῶς
1113 2157 1337 2214 Εὔβουλος
1365 2162 1487 2215 λέγει.

323 2248 509 2299 Denique
549 2257 868 2286 commemorare
905 2246 1016 2287 iuvat
1054 2247 1184 2287 schol.
1215 2248 1318 2289 Ven.
1341 2248 1471 2289 Iliad.
1494 2243 1534 2301 χ’
1566 2250 1662 2291 162.

215 2313 311 2370 περὶ
351 2314 564 2370 τέρματαε
603 2310 703 2353 ἀντὶ
734 2312 812 2354 τοῦ
840 2311 914 2353 διὰ
943 2312 998 2353 τὰ
1027 2313 1231 2369 τέρματα.
1289 2309 1348 2363 εἰς
1376 2315 1457 2371 γὰρ
1486 2313 1663 2366 τούτους
1701 2328 1702 2349 ³

215 2382 414 2433 τὸτέλος
441 2382 517 2433 τῆς
546 2380 664 2432 νίκης
692 2378 930 2432 ἀπόκειται,
961 2382 1051 2423 ἐπεὶ
1080 2377 1120 2422 εἰ
1139 2383 1235 2438 περὶ
1257 2381 1312 2423 τὰ
1338 2385 1528 2439 τέρματα
1557 2384 1663 2440 δρα·
1695 2388 1702 2428 „²

215 2451 394 2506 μοῦσιν,
431 2448 599 2506 εὐφυῶς
633 2447 843 2504 κάμπτειν
881 2448 933 2491 οὐ
970 2451 1194 2495 δύνανται.
1258 2446 1391 2500 οὕτως
1426 2450 1660 2506 Εὔβουλος.
1697 2463 1701 2498 ιζ

218 2524 334 2573 Quae
362 2536 412 2563 an
435 2523 486 2563 ad
503 2522 710 2564 Eubulum
742 2522 941 2563 comicum
970 2522 1186 2564 referenda
1213 2523 1305 2573 sint,
1333 2536 1408 2576 pro
1439 2529 1552 2567 certo
1579 2539 1659 2568 nou
1695 2515 1699 2568 ἑ

218 2591 524 2632 affirmaverim.

711 2700 1174 2728 π

1689 2681 1696 2723 ἵ
