1656 3146
226 131 310 174 696
843 125 1058 168 ALEXIS.

227 242 263 282 si
293 239 503 293 quisquam
529 237 684 278 faciens
716 241 928 289 quaestum
957 250 982 277 e
1009 249 1058 278 re
1086 238 1258 291 piscaria

226 310 383 363 piscem
410 308 630 349 indicasset
659 311 702 347 et
731 307 896 348 minoris
924 307 1107 347 traderet

228 392 322 419 eum
351 378 542 427 indicato,
572 378 678 417 collo
708 377 870 418 obtorto
898 377 940 416 in
970 376 1129 416 vincula

228 447 514 495 abduceretur,
543 451 588 488 ut
618 447 706 486 eius
736 446 911 498 exempli
940 449 1053 485 metu

229 516 419 557 addicere
447 527 577 567 aequo
605 516 758 556 vellent
786 515 932 568 pretio,
961 517 1031 553 aut
1060 524 1233 565 vespere

229 588 398 626 cunctos
427 584 635 625 referrent
662 586 796 638 pisces
824 587 1015 637 putentes
1045 583 1223 622 domum.

229 667 337 695 nunc
366 667 464 706 ergo
494 666 607 704 anus,
639 655 817 702 senecio,
850 665 924 693 seu
954 653 1102 692 missus
1130 663 1249 704 puer,

231 736 364 776 aeque
394 724 501 764 bene
529 736 672 765 omnes
701 723 893 776 quicquid
922 721 1148 768 collibitum
1177 724 1240 761 est
1271 721 1423 762 emunt.

929 819 1000 861 lv.

233 902 466 946 Aristonico
494 906 588 956 post
616 903 777 945 Solonis
808 906 993 955 tempora

230 985 351 1014 nemo
381 973 520 1024 legum
548 976 690 1012 auctor
720 972 873 1012 exstitit
901 967 1165 1023 prudentior-3

231 1053 327 1084 nam
354 1041 467 1093 leges
495 1041 642 1081 multas
671 1045 793 1093 atque
821 1039 1068 1091 multiplices
1096 1037 1204 1085 tulit,

237 1114 279 1150 et
308 1122 415 1150 nunc
443 1111 698 1162 rogationem
727 1110 843 1151 scivit
872 1119 1048 1155 auream,

234 1191 289 1224 ue
318 1179 551 1218 desidentes
580 1180 622 1218 in
651 1179 743 1219 foro
773 1177 935 1232 piscarii

235 1249 406 1301 opsonia
436 1248 626 1298 vendant,
654 1254 782 1288 totum
813 1247 886 1288 sed
915 1247 1070 1286 stantes
1099 1241 1220 1283 diem.

235 1317 345 1359 idem
375 1321 421 1356 ut
450 1317 676 1368 pendentes
707 1317 857 1358 faciant
886 1327 991 1355 anno
1020 1311 1205 1365 proximo

238 1387 478 1438 scripturus,
507 1387 693 1427 homines
723 1400 803 1439 quo
833 1400 856 1427 a
885 1398 931 1426 se
960 1382 1169 1423 absolvant
1198 1376 1386 1425 celerius,

239 1460 432 1510 gerentes
461 1467 549 1495 rem
580 1456 632 1495 de
660 1457 846 1497 machina
880 1451 1068 1509 exemplo
1097 1450 1241 1490 neum.

946 1552 998 1594 V.

523 1635 572 1675 A.
603 1633 855 1676 Nefrendem
883 1635 1029 1683 serius,
1058 1635 1252 1685 quantum
1280 1629 1467 1678 arbitror,

243 1716 380 1747 assare
409 1702 532 1743 furno
561 1716 776 1756 aggressus
807 1708 882 1745 est.
939 1705 987 1744 B.
1017 1702 1158 1744 Suavis
1188 1713 1284 1741 caro
1315 1703 1390 1740 est.

243 1776 293 1815 A.
322 1775 458 1826 Atque
485 1773 544 1813 ita
572 1785 661 1813 eam
691 1773 859 1814 adussit.
916 1774 964 1815 B.
995 1773 1042 1812 ld
1071 1775 1114 1812 te
1142 1770 1334 1811 sollicitet
1362 1768 1483 1813 nihil:

244 1843 396 1887 malum
425 1842 605 1883 sanabile
633 1842 714 1882 hoc
744 1847 818 1882 est.
876 1843 927 1883 A.
958 1843 1048 1893 Quo
1077 1839 1242 1880 tandem
1271 1839 1425 1882 modo?

245 1912 294 1954 B.
324 1912 496 1953 Acetum
525 1923 674 1960 sumes,
703 1912 828 1964 idque
856 1912 898 1951 in
927 1911 1080 1964 pelvim
1108 1909 1299 1961 frigidam

247 1981 451 2024 infundes.
508 1979 636 2032 capin’
665 1981 777 2020 hoc?
805 1981 928 2021 ollam
960 1979 1108 2020 deinde
1137 1977 1337 2023 fervidam

249 2055 366 2092 aceto
395 2052 594 2102 impones,
624 2061 728 2102 quae
756 2050 835 2090 vim
863 2051 1045 2091 retinens
1073 2049 1236 2102 igneam

249 2119 458 2164 madorem
489 2119 610 2159 ducet
638 2122 760 2170 atque
789 2118 1115 2167 fermentabitur,

251 2193 294 2230 et
320 2189 447 2230 veluti
475 2201 625 2241 pumex
653 2189 789 2229 vacuis
818 2189 940 2241 plena
968 2188 1168 2228 meatibus

250 2259 464 2301 humorem
493 2258 713 2298 innumeris
742 2259 863 2299 simul
893 2258 1120 2311 acceptabit
1148 2256 1246 2302 viis}

254 2332 297 2368 et
326 2329 384 2368 sic
412 2327 574 2368 eveniet
602 2327 715 2367 arida
745 2332 791 2367 ut
819 2340 872 2367 ne
900 2328 954 2367 sit
981 2340 1090 2376 caro,

252 2398 326 2437 sed
354 2402 547 2449 quantum
576 2399 673 2437 satis
704 2402 767 2437 est
796 2398 1031 2438 succulenta
1061 2399 1102 2436 et
1130 2394 1301 2435 roscida.

253 2468 303 2509 A.
333 2451 374 2506 Ο-
401 2468 594 2519 luppiter,
623 2479 742 2519 quam
771 2467 958 2507 medice:²
1013 2467 1062 2507 B.
1091 2466 1174 2506 Fac
1202 2465 1272 2514 ita,
1301 2463 1483 2510 Glaucia,

256 2540 302 2576 ut
331 2536 541 2588 imperavi.
597 2537 647 2577 A.
677 2537 783 2576 Tum
815 2536 975 2588 quando
1006 2547 1199 2588 appones,
1227 2545 1343 2587 puer,

257 2618 416 2659 appone
445 2607 569 2656 (satis
597 2607 904 2659 intelligisne‘3)
932 2605 1145 2659 frigidam:

259 2689 350 2721 nam
382 2676 439 2717 sic
468 2676 628 2717 eveniet
658 2676 822 2716 naribus
854 2688 906 2716 ne
937 2688 984 2716 se
1012 2686 1137 2727 vapor
