1702 3158
468 111 754 156 ΤΙΊἎΝΕΣ.
834 106 1091 153 ΧΕΙΡΩΝ.
1433 107 1518 149 877

558 257 1023 302 ΤΙΤΑΝΕΣ.

431 369 639 431 Κόρυδον
667 370 747 414 τὸν
771 370 1055 428 χαλκοτύπον
1083 367 1323 428 πεφύλαξο,

155 458 213 515 ἢν
240 459 301 518 μή
332 459 404 502 σοὶ
434 460 598 515 νομιεῖς
629 456 771 502 αὐτὸν
801 458 940 514 μηδὲν
969 455 1270 513 καταλείψειν,

152 542 412 609 μηὸἠόψον
441 545 565 606 κοινῇ
592 545 705 603 μετὰ
735 542 896 587 τούτου
929 540 1104 586 πώποτε
1135 541 1285 609 δαίσῃ,
1360 605 1363 608 ‚

156 631 236 675 τοῦ
264 627 495 688 Κορύδου·
529 632 725 689 προλέγω
755 644 849 674 σοι·
881 627 968 686 ἔχει
996 627 1078 685 γὰρ
1103 629 1228 684 χεῖρα
1257 621 1486 684 κραταιάν,

152 716 336 774 χαλκῆν,
367 713 609 772 ἀκάματον,
642 716 756 759 πολὺ
786 715 964 773 κρείττω
994 714 1077 756 τοῦ,
1101 711 1239 770 πυρὸς
1268 710 1418 756 αὐτοῦ.
1485 748 1487 750 ,

122 805 126 811 '
152 795 393 851 Athenaeus
423 809 479 852 vl
511 823 553 863 p.
584 810 665 850 241
685 822 720 849 c.
762 810 815 850 de
846 809 1014 862 Corydo
1044 808 1225 862 parasito
1270 806 1526 847 comicorum

41 880 278 922 testimonia
325 893 602 933 componens:
643 878 864 935 Κρατῖνος
907 874 956 918 δ’
987 874 1014 918 ’ὁ
1045 873 1249 932 νεώτερος
1286 875 1333 916 ἐν
1368 872 1528 915 Τιτᾶσι

43 946 251 1006 Κόρυδον
280 948 358 990 τὸν
382 946 661 1004 χαλκοτύπον
691 949 781 993 κτλ.
813 952 908 992 Non
930 950 1108 991 dubitari
1132 953 1271 1003 potest
1300 949 1398 1002 quin
1421 947 1529 988 haec

46 1005 101 1064 ἐκ
128 1023 234 1063 ficto
251 1023 389 1074 aliquo
419 1021 589 1063 oraculo
618 1022 926 1063 derivata·sint.
958 1021 1112 1061 Similis
1142 1021 1431 1061 vaticiniorum
1456 1029 1528 1059 co-

45 1092 111 1132 lor
140 1092 250 1144 apud
274 1093 480 1144 Aristoph.
512 1094 618 1144 Equ.
651 1094 762 1132 1049
795 1097 837 1132 et
869 1093 1014 1132 Horat.
1047 1092 1132 1132 Sat.
1166 1092 1183 1132 1
1213 1093 1239 1131 9
1271 1091 1340 1130 34.
1407 1090 1479 1132 Vs.
1502 1089 1527 1129 1

50 1156 330 1215 χαλκοτύπον
367 1164 414 1203 C.
467 1158 748 1216 χαλκότυπον
788 1164 911 1204 PVL.
978 1163 1160 1202 Fabrum
1200 1161 1424 1201 ferrarium
1456 1172 1530 1200 cur

50 1232 159 1272 dicat
176 1232 385 1284 Corydum
416 1246 496 1274 non
528 1235 747 1287 perspicio.
787 1235 897 1274 Num
930 1226 1212 1284 χαλκότυπον
1242 1232 1530 1285 explicandum

45 1298 212 1355 χαλκοῦ
239 1301 574 1355 κεκροτημένον,
615 1319 664 1344 ex
695 1317 792 1344 aere
822 1303 977 1343 factum
1007 1303 1094 1342 sive
1124 1315 1321 1352 aeneum,
1360 1306 1531 1356 propter

47 1373 219 1413 invictas
250 1374 426 1412 manus?
489 1398 536 1405 —
599 1376 669 1417 Vs.
700 1377 726 1415 2
757 1375 991 1414 Lobeckius
1023 1373 1075 1413 ad
1107 1373 1261 1425 Phryn.
1292 1388 1333 1427 p.
1363 1373 1448 1414 458
1477 1367 1531 1413 οὐ

47 1437 110 1497 μή
152 1454 236 1482 σοι.
296 1443 506 1485 Porsonus
543 1438 584 1483 εἰ
618 1441 680 1499 μή
721 1458 817 1493 σοι,
857 1446 945 1485 nisi
984 1445 1250 1485 existimabis
1290 1458 1384 1485 enm
1420 1445 1533 1486 nihil

50 1514 134 1555 tihi
161 1512 418 1554 relicturam.
479 1517 600 1567 Quod
630 1517 728 1570 quid
758 1518 811 1558 sit
839 1529 922 1556 non
952 1515 1169 1569 intellego.
1228 1517 1318 1556 Nec
1333 1517 1532 1557 Lobeckii

51 1585 290 1626 coniectura
318 1586 371 1626 ad
400 1589 648 1628 sententiam
678 1593 772 1641 apta
803 1592 880 1638 est,
910 1600 1017 1640 quae
1046 1589 1103 1628 ita
1133 1588 1270 1640 potius
1300 1588 1533 1641 procedere

51 1655 254 1696 debebat:
293 1669 396 1696 cave
434 1657 518 1697 tibi
554 1673 581 1698 a
616 1659 799 1712 Corycio,
838 1672 973 1713 neque
1009 1672 1193 1712 unquam
1230 1672 1322 1700 cum
1352 1659 1429 1699 1200
1458 1660 1532 1699 Ιιο-

50 1728 164 1767 mine
194 1727 407 1766 obsonium
436 1730 653 1770 comedas:
688 1717 801 1770 nsslzil
829 1732 940 1770 enim
970 1730 1052 1770 tibi
1082 1729 1304 1783 relinquet.
1335 1745 1346 1749 ’
1377 1731 1533 1771 Totum

51 1810 230 1846 versum,
260 1798 295 1837 si
324 1797 502 1848 abesset,
533 1812 654 1840 nemo
686 1802 958 1841 desideraret.
1018 1799 1103 1840 Pro
1136 1811 1208 1839 σοι
1238 1800 1347 1842 PVL
1379 1795 1448 1842 σύ.
1477 1825 1535 1832 -

54 1867 126 1910 vs.
156 1868 184 1907 3
211 1862 323 1919 μετὰ
352 1865 480 1907 τοῦδ’
510 1864 563 1908 οὐ
592 1866 765 1910 πώποτε
797 1871 1046 1912 Loheckius.
1090 1896 1145 1903 —-
1187 1871 1258 1913 Vs.
1289 1870 1317 1910 5
1347 1867 1534 1925 πρείττω

53 1935 133 1977 τοῦ
163 1933 311 1992 πυρός.
371 1940 422 1982 V.
452 1941 701 1983 Bernhardii
726 1942 939 1984 Eratosth.
966 1956 1008 1996 p.
1026 1942 1109 1983 22⁰
1139 1945 1181 1982 et
1210 1953 1335 1995 supra
1365 1942 1418 1985 ad
1447 1943 1534 1986 Eu-

55 2008 170 2063 polin
199 2023 239 2064 p.
269 2009 369 2051 487.

479 2135 1122 2191 XE1P52N.*)

751 2250 999 2309 Πολλοστῷ
1030 2247 1082 2291 δ’
1117 2248 1203 2292 ἔτει

281 2330 326 2372 ἐκ
354 2331 441 2373 τῶν
469 2331 692 2389 πολεμίων
721 2332 867 2377 οἴκαδ’
902 2330 1032 2387 ἥκων,
1063 2334 1276 2389 ξυγγενεῖς

277 2416 352 2457 καὶ
382 2414 602 2474 φράτερας
631 2421 707 2462 καὶ
737 2420 934 2476 δημότας
965 2417 1101 2474 εὑρών
1130 2417 1271 2475 μόλις,

279 2494 339 2550 εἰς
368 2500 418 2543 τὸ
448 2503 663 2547 κυλικεῖον
692 2503 959 2563 ἐνεγράφην·
994 2503 1101 2554 Ζεὺς
1133 2502 1226 2546 ἔστι
1257 2519 1333 2559 μοι

282 2582 450 2640 ἑρκεῖος,
480 2586 572 2632 ἔστι
603 2588 830 2649 ([ράτριος,
861 2589 916 2633 τὰ
945 2590 1045 2642 τέλη
1077 2589 1199 2634 τελῶ.

69 2672 327 2689 ———

160 2726 192 2772 ‘)
214 2727 254 2762 V.
277 2730 367 2765 His-t.
391 2734 466 2769 crit.
488 2747 520 2780 p.
546 2737 624 2774 412.
